% !TEX root = ./pcst-color-coding.tex

; discrete mathematics (elsevier, science direct)
; discrete applied mathematics
; journal of combinatorial theory
; information processing letters
@string(DM="Disc. Math.")
@string(DAM="Disc. Appl. Math.")
@string(JCTB="J.~Comb. Theory Ser.~B")
@string(JCTA="J.~Comb. Theory Ser.~A")
@string(JGT="Journal of Graph Theory")
@string(SIDMA="SIAM J. Disc. Math.")

%author={Leiserson, Mark DM and Vandin, Fabio and Wu, Hsin-Ta and Dobson, Jason R and Eldridge, Jonathan V and Thomas, Jacob L and Papoutsaki, Alexandra and Kim, Younhun and Niu, Beifang and McLellan, Michael and others},
@article{leiserson2015pan,
  title={Pan-cancer network analysis identifies combinations of rare somatic mutations across pathways and protein complexes},
  author={Leiserson, Mark and others},
  journal={Nature genetics},
  volume={47},
  number={2},
  pages={106--114},
  year={2015},
  publisher={Nature Publishing Group}
}

@article{neil2013scan,
  title={Scan statistics for the online detection of locally anomalous subgraphs},
  author={Neil, Joshua and Hash, Curtis and Brugh, Alexander and Fisk, Mike and Storlie, Curtis B},
  journal={Technometrics},
  volume={55},
  number={4},
  pages={403--414},
  year={2013},
  publisher={Taylor \& Francis}
}

%author={Iyengar, SK and Elston, RC.},
%volume={376},
%pages={71--84},
@article{IYENGAR2007,
  title={The genetic basis of complex traits: rare variants or "common gene, common disease"?},
  author={Iyengar, SK and others},
  journal={Methods Mol Biol. },
  year={2007}
}


@article{awini2010spatial,
  title={Spatial variations in childhood mortalities at the Dodowa Health and Demographic Surveillance System site of the INDEPTH Network in Ghana},
  author={Awini, E and Mattah, P and Sankoh, O and Gyapong, M},
  journal={Tropical Medicine \& International Health},
  volume={15},
  number={5},
  pages={520--528},
  year={2010},
  publisher={Wiley Online Library}
}

@article{margai2003community,
  title={A community-based assessment of learning disabilities using environmental and contextual risk factors},
  author={Margai, Florence and Henry, Norah},
  journal={Social Science \& Medicine},
  volume={56},
  number={5},
  pages={1073--1085},
  year={2003},
  publisher={Elsevier}
}


@article{vaneckova2010spatial,
  title={Spatial analysis of heat-related mortality among the elderly between 1993 and 2004 in Sydney, Australia},
  author={Vaneckova, Pavla and Beggs, Paul J and Jacobson, Carol R},
  journal={Social science \& medicine},
  volume={70},
  number={2},
  pages={293--304},
  year={2010},
  publisher={Elsevier}
}


@article{hansen2016finding,
  title={Finding Mutated Subnetworks Associated with Survival in Cancer},
  author={Hansen, Tommy and Vandin, Fabio},
  journal={arXiv preprint arXiv:1604.02467},
  year={2016}
}


%author={Roure, Josep and Dubrawski, Artur and Schneider, Jeff},
@incollection{roure2007study,
  title={A study into detection of bio-events in multiple streams of surveillance data},
  author={Roure, Josep and others},
  booktitle={Intelligence and security informatics: Biosurveillance},
  pages={124--133},
  year={2007},
  publisher={Springer}
}

%author={Lepr{\^e}tre, Annie and Ba, Idrissa and Lacombe, Karine and Maynart, Maryvonne and Toufik, Abdalla and Ndiaye, Ousseynou and Kane, Coumba Toure and Gozlan, Jo{\"e}l and Tine, Judica{\"e}l and Ndoye, Ibrahim and others},
@article{lepretre2015prevalence,
  title={Prevalence and behavioural risks for HIV and HCV infections in a population of drug users of Dakar, Senegal: the ANRS 12243 UDSEN study},
  author={Lepr{\^e}tre, Annie and others},
  journal={Jl International AIDS Society},
  volume={18(1)},
  year={2015},
  publisher={The International AIDS Society}
}

%author={Zeoli, April M and Pizarro, Jesenia M and Grady, Sue C and Melde, Christopher},
@article{zeoli2014homicide,
  title={Homicide as infectious disease: Using public health methods to investigate the diffusion of homicide},
  author={Zeoli, April and others},
  journal={Justice quarterly},
  volume={31(3)},
  pages={609--632},
  year={2014},
  publisher={Taylor \& Francis}
}

%author={Przeworski, Amy and Cain, Nicole and Dunbeck, Kimberly},
@article{przeworski2014traumatic,
  title={Traumatic life events in individuals with hoarding symptoms, obsessive-compulsive symptoms, and comorbid obsessive-compulsive and hoarding symptoms},
  author={Przeworski, Amy and others},
  journal={Jl Obsessive-Compulsive and Related Disorders},
  volume={3(1)},
  year={2014},
  publisher={Elsevier}
}

%author={Vandin, Fabio and Clay, Patrick and Upfal, Eli and Raphael, Benjamin J},
@inproceedings{vandin2012discovery,
  title={Discovery of mutated subnetworks associated with clinical data in cancer},
  author={Vandin, Fabio and others},
  booktitle={Pac Symp Biocomput},
  year={2012}
}


@inproceedings{bogdanov2011mining,
  title={Mining heavy subgraphs in time-evolving networks},
  author={Bogdanov, P. and Mongiov{\`\i}, M. and Singh, A},
booktitle = {ICDM},
  year={2011}
}


@article{kulldorff2003power,
  title={Power comparisons for disease clustering tests},
  author={Kulldorff, Martin and Tango, Toshiro and Park, Peter J},
  journal={Computational Statistics \& Data Analysis},
  year={2003},
}

@book{nallure2010conformal,
  title={Conformal Predictions in Multimedia Pattern Recognition.},
  author={Nallure Balasubramanian, Vineeth},
  year={2010},
  publisher={ERIC}
}

%author={Mongiov{\`\i}, Misael and Bogdanov, Petko and Ranca, Razvan and Singh, AK and Papalexakis, EE and Faloutsos, C},
@inproceedings{mongiovi2013netspot,
  title={Netspot: Spotting significant anomalous regions on dynamic networks},
  author={M. Mongiov{\`\i} and others},
  booktitle={SDM},
  year={2013},
}

@incollection{bateni2013improved,
  title={Improved approximation algorithms for (budgeted) node-weighted steiner problems},
  author={Bateni, M. and Hajiaghayi, M. and Liaghat, V.},
  booktitle={ICALP},
  year={2013},
}

@article{alon2008biomolecular,
  title={Biomolecular network motif counting and discovery by color coding},
  author={Alon, Noga and Dao, Phuong and Hajirasouliha, Iman and Hormozdiari, Fereydoun and Sahinalp, S Cenk},
  journal={Bioinformatics},
  year={2008},
}

@inproceedings{cole2001faster,
  title={A faster implementation of the Goemans-Williamson clustering algorithm},
  author={Cole, R. and Hariharan, R. and Lewenstein, M. and Porat, E.},
  booktitle={ACM SODA},
  year={2001},
}

@article{goemans1997primal,
  title={The primal-dual method for approximation algorithms and its application to network design problems},
  author={Goemans, M. and Williamson, D.},
  journal={SIAM Journal of Computing},
  year={1997}
}

@inproceedings{Johnson2000PCS,
 author = {Johnson, D. and Minkoff, M. and Phillips, S.},
 title = {The Prize Collecting Steiner Tree Problem: Theory and Practice},
 booktitle = {ACM SODA},
 year = {2000},
} 

@article{ljubic2006algorithmic,
  title={An algorithmic framework for the exact solution of the prize-collecting Steiner tree problem},
  author={Ljubi{\'c}, Ivana and Weiskircher, Ren{\'e} and Pferschy, Ulrich and Klau, Gunnar W and Mutzel, Petra and Fischetti, Matteo},
  journal={Mathematical Programming},
  year={2006},
}

@article{vanhems2013estimating,
  title={Estimating potential infection transmission routes in hospital wards using wearable proximity sensors},
  author={Vanhems, Philippe and Barrat, Alain and Cattuto, Ciro and Pinton, Jean-Fran{\c{c}}ois and Khanafer, Nagham and R{\'e}gis, Corinne and Kim, Byeul-a and Comte, Brigitte and Voirin, Nicolas},
  journal={PloS one},
  year={2013},
}

@article{feigenbaum2001sharing,
  title={Sharing the Cost of Multicast Transmissions1},
  author={Feigenbaum, Joan and Papadimitriou, Christos H and Shenker, Scott},
  journal={Journal of Computer and System Sciences},
  year={2001}
}

@inproceedings{leskovec:kdd08,
author = {J. Leskovec and L. Backstrom and R. Kumar and A. Tomkins},
title = {Microscopic evolution of social networks},
booktitle = {KDD},
year = {2008}
}

@inproceedings{lin:www08,
author = {Y. Lin and  Y. Chi and  S. Zhu and  H. Sundaram and  H. Sundaram},
title = {Facetnet : A framework for analyzing communities and their
evolutions in dynamic networks},
booktitle = {WWW}, 
year = {2008}
}

@inproceedings{abello:icdm10,
author = {J. Abello and T. Eliassi-Rad and N. Devanur}, 
title = {Detecting Novel Discrepancies in Communication Networks},
booktitle = {ICDM},
year = {2010}
}

@inproceedings{akoglu:asc10,
author = {L. Akoglu and C. Faloutsos}, 
title = {Event detection in time series of mobile communication graphs},
booktitle = {Proc. of Army Science Conference}, 
year = {2010}
}

@article{priebe:cmot05,
author = {C. E. Priebe and J. M. Conroy and D. J. Marchette and Y. Park}, 
title = {Scan statistics on enron graphs}, 
journal = {Comput. Math.  Organ. Theory}, 
year = {2005}
}

@article{neill:ml10,
author = {D. Neill and G. Cooper}, 
title= {A multivariate bayesian scan
statistic for early event detection and characterization},
journal = {Machine Learning}, 
year = {2010}
}

@inproceedings{neill:kdd05,
author = {D. B. Neill and A. W. Moore and M. Sabhnani and K. Daniel},
title = {Detection of emerging space-time clusters}, 
booktitle = {KDD}, 
year = {2005}
}

@inproceedings{ma:icde11,
author = {X. Ma and  H. Xiao and  S. Xie and  Q. Li and  Q. Luo and  C. Tian},
title = {Continuous, online monitoring and analysis in large water distribution networks}, 
booktitle = {ICDE}, 
year = {2011}
}

@misc{zeidanloo10,
author = {H. R. Zeidanloo and A. B. A. Manaf}, 
title = {Botnet detection by monitoring similar communication patterns}, 
note = {CoRR, abs/1004.1232},
year = {2010}
}

@article{akoglu:dmkd14,
author = {Leman Akoglu and Hanghang Tong and Danai Koutra},
title = {Graph based anomaly detection and description: a survey},
journal = {Data Mining and Knowledge Discovery},
year = {2014}
}

@inproceedings{chudak:ipco11,
author = {F. Chudak and T. Roughgarden and D. Williamson},
title = {Approximate k-MSTs and k-Steiner Trees via the Primal-Dual Method and Lagrangean Relaxation},
booktitle = {IPCO},
year = {2001}
}

@inproceedings{kang:sdm11,
author = {U Kang and Spiros Papadimitriou and Jimeng Sun and Hanghang Tong},
title = {Centralities in large networks: Algorithms and observations},
booktitle = {SDM},
year = {2011}
}

@article{shoubridge:jin02,
author = {P. Shoubridge and M. Kraetzl and W. Wallis and H. Bunke},
title = { Detection of abnormal change in a time series of graphs},
journal = {Journal of Interconnection Networks},
year = {2002}
}

@article{sun08,
author = {J. Sun and Y. Xie and H. Zhang and C. Faloutsos}, 
title = {Less is more: Sparse graph mining with compact matrix decomposition},
journal = {Statistical Analysis and Data Mining}, 
year = {2008}
}

@inproceedings{aggarwal:icde11,
author = {C. Aggarwal and Y. Zhao and P. Yu}, 
title = {Outlier detection in graph streams},
booktitle = {ICDE},
year = {2011}
}

@misc{peel14,
author = {L. Peel and A. Clauset}, 
title = {Detecting change points in the large-scale structure of evolving networks}, 
note = {CoRR, abs/1403.0989}, 
year = {2014}
}


@article{alon1995color,
  title={Color-coding},
  author={Alon, Noga and Yuster, Raphael and Zwick, Uri},
  journal={Journal of the ACM (JACM)},
  year={1995},
}

@inproceedings{rozenshtein2014event,
  title={Event detection in activity networks},
  author={Rozenshtein, Polina and Anagnostopoulos, Aris and Gionis, Aristides and Tatti, Nikolaj},
  booktitle={KDD},
  year={2014},
}

@inproceedings{chen2014non,
  title={Non-parametric scan statistics for event detection and forecasting in heterogeneous social media graphs},
  author={Chen, Feng and Neill, Daniel },
  booktitle={KDD},
  year={2014},
}

@inproceedings{qian2014connected,
  title={Connected sub-graph detection},
  author={Qian, Jing and Saligrama, Venkatesh and Chen, Yuting},
  booktitle={AISTATS},
  year={2014}
}

@article{neill2008fast,
  title={Fast and flexible outbreak detection by linear-time subset scanning},
  author={Neill, Daniel B},
  journal={Advances in Disease Surveillance},
  year={2008}
}


@misc{snapnets,
  author       = {Jure Leskovec and Andrej Krevl},
  title        = {{SNAP Datasets}: {Stanford} Large Network Dataset Collection},
  howpublished = {\url{http://snap.stanford.edu/data}},
  year         = {2014}
}

%author={Ostfeld, Avi and Uber, James G and Salomons, Elad and Berry, Jonathan W and Hart, William E and Phillips, Cindy A and Watson, Jean-Paul and Dorini, Gianluca and Jonkergouw, Philip and Kapelan, Zoran and others},
@article{ostfeld2008battle,
  title={The battle of the water sensor networks (BWSN): A design challenge for engineers and algorithms},
  author={Ostfeld, Avi and others},
  journal={Journal of Water Resources Planning and Management},
  year={2008},
}

@article{wilcox2005kolmogorov,
  title={Kolmogorov--Smirnov Test},
  author={Wilcox, R},
  journal={Encyclopedia of biostatistics},
  year={2005},
}

@article{eicker1979asymptotic,
  title={The asymptotic distribution of the suprema of the standardized empirical processes},
  author={Eicker, F},
  journal={The Annals of Statistics},
  year={1979},
}

@article{jager2007goodness,
  title={Goodness-of-fit tests via phi-divergences},
  author={Jager, Leah and Wellner, Jon A},
  journal={The Annals of Statistics},
  year={2007},
}

@article{jin2014rare,
  title={Rare and weak effects in large-scale inference: methods and phase diagrams},
  author={Jin, Jiashun and Ke, Tracy},
  journal={arXiv preprint arXiv:1410.4578},
  year={2014}
}


@inproceedings{conf/nips/SharpnackKS13,
  author = {Sharpnack, James and Krishnamurthy, Akshay and Singh, Aarti},
  booktitle = {NIPS},
  title = {Near-optimal Anomaly Detection in Graphs using Lovasz Extended Scan Statistic.},
  year = {2013}
}




@article{kulldorff_spatial_1997,
  author = {Kulldorff, Martin},
  journal = {Communications in Statistics: Theory and Methods},
  title = {A spatial scan statistic},
  year = {1997}
}


@ARTICLE{neill-jss12,
title = {Fast subset scan for spatial pattern detection},
author = {Neill, Daniel B.},
journal={Journal of the Royal Statistical Society: Series B (Statistical Methodology)},
year = {2012},
}

@inproceedings{conf/aistats/SharpnackSR13,
  author = {Sharpnack, James and Singh, Aarti and Rinaldo, Alessandro},
  booktitle = {AISTATS},
  title = {Changepoint Detection over Graphs with the Spectral Scan Statistic.},
  year = 2013
}


@inproceedings{DBLP:conf/aistats/QianSC14,
  author    = {Jing Qian and
               Venkatesh Saligrama and
               Yuting Chen},
  title     = {Connected Sub-graph Detection},
  booktitle = {AISTATS},
  year      = {2014},
}

@article{Duczmal06,
  author    = {L. Duczmal and M. Kulldorff and L. Huang},
  title     = {Evaluation of Spatial Scan Statistics for Irregularly Shaped Clusters},
  journal   = {Jl of Comp and Graphical Statistics},
  year      = {2006},
}



@article{Duczmal2004,
  author = {Duczmal, Luiz and Assun\c{c}{\~a}o, Renato},
  journal = {Computational Statistics \& Data Analysis},
  title = {A simulated annealing strategy for the detection of arbitrarily shaped spatial clusters},
  year = {2004}
}


@article{journals/jea/ChimaniKLM09,
  author = {Chimani, Markus and Kandyba, Maria and Ljubic, Ivana and Mutzel, Petra},
  journal = {ACM Journal of Experimental Algorithmics},
  title = {Obtaining optimal k-cardinality trees fast.},
  year = 2009
}



@book{opac-b1135069,
   title = "Submodular functions and optimization",
   author = "Fujishige, Satoru",
   series = "Annals of discrete mathematics",
   year = 2005
}


%author = {Speakman, Skyler and McFowland Iii, Edward and Neill, Daniel B.},
%journal = {Journal of Computational and Graphical Statistics},
@article{Speakman-14,
author = {Speakman, Skyler and others},
title = {Scalable Detection of Anomalous Patterns with Connectivity Constraints},
journal = {Jl Comp Graphical Stat},
year = {2015},
}

@ARTICLE{bowman:reasoning,
	AUTHOR = "Mic Bowman and Saumya K. Debray and Larry L. Peterson",
	TITLE = "Reasoning About Naming Systems",
	JOURNAL = "ACM Trans. Program. Lang. Syst.",
	VOLUME = {15},
	NUMBER = {5},
	PAGES = {795-825},
	MONTH = "November",
	YEAR = {1993}	}

@ARTICLE{braams:babel,
	AUTHOR = "Johannes Braams",
	TITLE = "Babel, a Multilingual Style-Option System for Use with LaTeX's Standard Document Styles",
	JOURNAL = {TUGboat},
	VOLUME = {12},
	NUMBER = {2},
	PAGES = {291-301},
	MONTH = "June",
	YEAR = {1991}	}

@INPROCEEDINGS{clark:pct,
	AUTHOR = "Malcolm Clark",
	TITLE = "Post Congress Tristesse",
	BOOKTITLE = "TeX90 Conference Proceedings",
	PAGES = "84-89",
	ORGANIZATION = "TeX Users Group",
	MONTH = "March", 
	YEAR = {1991}	}

@ARTICLE{herlihy:methodology,
	AUTHOR = "Maurice Herlihy",
	TITLE = "A Methodology for Implementing Highly Concurrent
	Data Objects",
	JOURNAL = {ACM Trans. Program. Lang. Syst.},
	VOLUME = {15},
	NUMBER = {5},
	PAGES = {745-770},
	MONTH = "November",
	YEAR = {1993}	}

@BOOK{Lamport:LaTeX,
	AUTHOR = "Leslie Lamport",
	TITLE = "LaTeX User's Guide and Document Reference Manual",
	PUBLISHER = "Addison-Wesley Publishing Company",
	ADDRESS = "Reading, Massachusetts",
	YEAR = "1986"	}

@BOOK{salas:calculus,
	AUTHOR = "S.L. Salas and Einar Hille",
	TITLE = "Calculus: One and Several Variable",
	PUBLISHER = "John Wiley and Sons",
	ADDRESS = "New York",
	YEAR = "1978"	}



@article{massey1951kolmogorov,
  title={The Kolmogorov-Smirnov test for goodness of fit},
  author={Massey Jr, Frank J},
  journal={Journal of the American statistical Association},
  volume={46},
  number={253},
  pages={68--78},
  year={1951},
  publisher={Taylor \& Francis Group}
}

@inproceedings{smirnov1947critere,
  title={Sur un critere de sym{\'e}trie de la loi de distribution d’une variable al{\'e}atoire},
  author={Smirnov, NV},
  booktitle={CR (Doklady) Acad. Sci. URSS (NS)},
  volume={56},
  pages={11--14},
  year={1947}
}

@article{vielva2010comprehensive,
  title={A comprehensive overview of the cold spot},
  author={Vielva, Patricio},
  journal={Advances in Astronomy},
  volume={2010},
  year={2010},
  publisher={Hindawi Publishing Corporation}
}

@article{verzelen2014detection,
  title={Detection and Feature Selection in Sparse Mixture Models},
  author={Verzelen, Nicolas and Arias-Castro, Ery},
  journal={arXiv preprint arXiv:1405.1478},
  year={2014}
}

@article{arias2015detecting,
  title={Detecting Markov Random Fields Hidden in White Noise},
  author={Arias-Castro, Ery and Bubeck, S{\'e}bastien and Lugosi, G{\'a}bor and Verzelen, Nicolas},
  journal={arXiv preprint arXiv:1504.06984},
  year={2015}
}

@article{zeng2014copulas,
  title={Copulas for statistical signal processing (Part I): Extensions and generalization},
  author={Zeng, Xuexing and Ren, Jinchang and Wang, Zheng and Marshall, Stephen and Durrani, Tariq},
  journal={Signal Processing},
  volume={94},
  pages={691--702},
  year={2014},
  publisher={Elsevier}
}

@misc{jager2004new,
  title={A new goodness of fit test: the reversed Berk-Jones statistic},
  author={Jager, Leah and Wellner, Jon A},
  journal={2005. http://www. stat. washington. edu/www/research/reports/2004/tr443. pdf},
  year={2004}
}

@article{soriano2014unknown,
  title={Unknown signal detection by one-class detector based on Gaussian copula},
  author={Soriano, Antonio and Vergara, Luis and Moragues, Jorge and Miralles, Ram{\'o}n},
  journal={Signal Processing},
  volume={96},
  pages={315--320},
  year={2014},
  publisher={Elsevier}
}

@article{veeravalli2012distributed,
  title={Distributed inference in wireless sensor networks},
  author={Veeravalli, Venugopal V and Varshney, Pramod K},
  journal={Philosophical Transactions of the Royal Society of London A: Mathematical, Physical and Engineering Sciences},
  volume={370},
  number={1958},
  pages={100--117},
  year={2012},
  publisher={The Royal Society}
}

@article{iyengar2011parametric,
  title={A parametric copula-based framework for hypothesis testing using heterogeneous data},
  author={Iyengar, Satish G and Varshney, Pramod K and Damarla, Thyagaraju},
  journal={Signal Processing, IEEE Transactions on},
  volume={59},
  number={5},
  pages={2308--2319},
  year={2011},
  publisher={IEEE}
}

@techreport{hartung1998note,
  title={A note on combining dependent tests of significance},
  author={Hartung, Joachim},
  year={1998},
  institution={Technical Report, SFB 475: Komplexit{\"a}tsreduktion in Multivariaten Datenstrukturen, Universit{\"a}t Dortmund}
}

@article{davidov2012ordered,
  title={Ordered inference, rank statistics and combining p-values: A new perspective},
  author={Davidov, Ori},
  journal={Statistical Methodology},
  volume={9},
  number={3},
  pages={456--465},
  year={2012},
  publisher={Elsevier}
}

@article{li2015higher,
  title={Higher criticism: $ p $-values and criticism},
  author={Li, Jian and Siegmund, David and others},
  journal={The Annals of Statistics},
  volume={43},
  number={3},
  pages={1323--1350},
  year={2015},
  publisher={Institute of Mathematical Statistics}
}


@article{davidov2009new,
  title={New tests for stochastic order with application to case control studies},
  author={Davidov, Ori and Herman, Amir},
  journal={Journal of Statistical Planning and Inference},
  volume={139},
  number={8},
  pages={2614--2623},
  year={2009},
  publisher={Elsevier}
}

@techreport{hartung1998note,
  title={A note on combining dependent tests of significance},
  author={Hartung, Joachim},
  year={1998},
  institution={Technical Report, SFB 475: Komplexit{\"a}tsreduktion in Multivariaten Datenstrukturen, Universit{\"a}t Dortmund}
}


@techreport{mudholkar1977logit,
  title={The logit statistic for combining probabilities-an overview},
  author={Mudholkar, Govind S and George, E Olusegun},
  year={1977},
  institution={DTIC Document}
}

@book{david1970order,
  title={Order statistics},
  author={David, Herbert Aron and Nagaraja, Haikady Navada},
  year={1970},
  publisher={Wiley Online Library}
}
@article{lancaster1961combination,
  title={The combination of probabilities: an application of orthonormal functions},
  author={Lancaster, HO},
  journal={Australian Journal of Statistics},
  volume={3},
  number={1},
  pages={20--33},
  year={1961},
  publisher={Wiley Online Library}
}

@article{liptak1958combination,
  title={On the combination of independent tests},
  author={Liptak, T},
  journal={Magyar Tud Akad Mat Kutato Int Kozl},
  volume={3},
  pages={171--197},
  year={1958}
}

@article{Liu:2009:NSE:1577069.1755863,
 author = {Liu, Han and Lafferty, John and Wasserman, Larry},
 title = {The Nonparanormal: Semiparametric Estimation of High Dimensional Undirected Graphs},
 journal = {J. Mach. Learn. Res.},
 issue_date = {12/1/2009},
 volume = {10},
 month = dec,
 year = {2009},
 issn = {1532-4435},
 pages = {2295--2328},
 numpages = {34},
 url = {http://dl.acm.org/citation.cfm?id=1577069.1755863},
 acmid = {1755863},
 publisher = {JMLR.org},
} 

@article {CJS:CJS5540330304,
author = {Tsukahara, Hideatsu},
title = {Semiparametric estimation in copula models},
journal = {Canadian Journal of Statistics},
volume = {33},
number = {3},
publisher = {Wiley-Blackwell},
issn = {1708-945X},
url = {http://dx.doi.org/10.1002/cjs.5540330304},
doi = {10.1002/cjs.5540330304},
pages = {357--375},
keywords = {Asymptotic distribution, copula model, empirical copula, minimum distance method, rank, semiparametric model, simulation, Z-estimator},
year = {2005},
}

@inproceedings{conf/icml/LiuHYLW12,
  author = {Liu, Han and Han, Fang and Yuan, Ming and Lafferty, John D. and Wasserman, Larry A.},
  booktitle = {ICML},
  crossref = {conf/icml/2012},
  ee = {http://icml.cc/discuss/2012/707.html},
  keywords = {dblp},
  publisher = {icml.cc / Omnipress},
  title = {High Dimensional Semiparametric Gaussian Copula Graphical Models.},
  url = {http://dblp.uni-trier.de/db/conf/icml/icml2012.html#LiuHYLW12},
  year = 2012
}


@article{journals/csda/LawlessY11,
  author = {Lawless, Jerald F. and Yilmaz, Yildiz E.},
  ee = {http://dx.doi.org/10.1016/j.csda.2011.02.008},
  journal = {Computational Statistics & Data Analysis},
  keywords = {dblp},
  number = 7,
  pages = {2446-2455},
  title = {Comparison of semiparametric maximum likelihood estimation and two-stage semiparametric estimation in copula models.},
  url = {http://dblp.uni-trier.de/db/journals/csda/csda55.html#LawlessY11},
  volume = 55,
  year = 2011
}


@article{Klaassen09eff,
 author = {Chris A.J. Klaassen and Jon A. Wellner},
 title = {Efficient estimation in the bivariate normal copula model: normal margins are least favourable},
 journal = {Bernoulli},
 volume = {3},
 issue = {1},
 year = {2009},
 pages = {55--77},
} 

@article{donoho2015,
author = "Donoho, David and Jin, Jiashun",
fjournal = "Statistical Science",
journal = "Statist. Sci.",
publisher = "The Institute of Mathematical Statistics",
title = "Higher Criticism for Large-Scale Inference, Especially for Rare and Weak Effects",
volume = "30(1)",
year = "2015"
}


@article{pires2009cosmological,
  title={Cosmological model discrimination with weak lensing},
  author={Pires, Sandrine and Starck, J-L and Amara, Adam and R{\'e}fr{\'e}gier, Alexandre and Teyssier, Romain},
  journal={Astronomy \& Astrophysics},
  volume={505},
  number={3},
  pages={969--979},
  year={2009},
  publisher={EDP Sciences}
}

@article{jin2005cosmological,
  title={Cosmological non-Gaussian signature detection: Comparing performance of different statistical tests},
  author={Jin, Jiashun and Starck, J-L and Donoho, David L and Aghanim, Nabila and Forni, Olivier},
  journal={EURASIP Journal on Applied Signal Processing},
  volume={2005},
  pages={2470--2485},
  year={2005},
  publisher={Hindawi Publishing Corp.}
}

@article{cruz2007non,
  title={The non-gaussian cold spot in the 3 year Wilkinson microwave anisotropy probe data},
  author={Cruz, Marcos and Cay{\'o}n, L and Martinez-Gonzalez, E and Vielva, P and Jin, J},
  journal={The Astrophysical Journal},
  volume={655},
  number={1},
  pages={11},
  year={2007},
  publisher={IOP Publishing}
}

@article{cayon2005higher,
  title={Higher Criticism statistic: detecting and identifying non-Gaussianity in the WMAP first-year data},
  author={Cayon, Laura and Jin, J and Treaster, A},
  journal={Monthly Notices of the Royal Astronomical Society},
  volume={362},
  number={3},
  pages={826--832},
  year={2005},
  publisher={Oxford University Press}
}

@article{cayon2006no,
  title={No higher criticism of the Bianchi-corrected Wilkinson microwave anisotropy probe data},
  author={Cay{\'o}n, L and Banday, AJ and Jaffe, T and Eriksen, HK and Hansen, FK and Gorski, KM and Jin, J},
  journal={Monthly Notices of the Royal Astronomical Society},
  volume={369},
  number={2},
  pages={598--602},
  year={2006},
  publisher={Oxford University Press}
}

@article{bennett2013reanalysis,
  title={Reanalysis of-statistic Gravitational-wave Searches with the Higher Criticism Statistic},
  author={Bennett, MF and Melatos, A and Delaigle, A and Hall, P},
  journal={The Astrophysical Journal},
  volume={766},
  number={2},
  pages={99},
  year={2013},
  publisher={IOP Publishing}
}

@article{zhang2000application,
  title={Application of adaptive time-frequency decomposition in ultrasonic NDE of highly-scattering materials},
  author={Zhang, Guangming and Zhang, Shuyi and Wang, Yuwen},
  journal={Ultrasonics},
  volume={38},
  number={10},
  pages={961--964},
  year={2000},
  publisher={Elsevier}
}


@article{castagna2003instantaneous,
  title={Instantaneous spectral analysis: Detection of low-frequency shadows associated with hydrocarbons},
  author={Castagna, John P and Sun, Shengjie and Siegfried, Robert W},
  journal={The Leading Edge},
  volume={22},
  number={2},
  pages={120--127},
  year={2003},
  publisher={Society of Exploration Geophysicists}
}


@article{james2001texture,
  title={Texture detection of simulated microcalcification susceptibility effects in magnetic resonance imaging of breasts},
  author={James, David and Clymer, Bradley D and Schmalbrock, Petra},
  journal={Journal of Magnetic Resonance Imaging},
  volume={13},
  number={6},
  pages={876--881},
  year={2001},
  publisher={Wiley Online Library}
}


@article{candes2006robust,
  title={Robust uncertainty principles: Exact signal reconstruction from highly incomplete frequency information},
  author={Cand{\`e}s, Emmanuel J and Romberg, Justin and Tao, Terence},
  journal={Information Theory, IEEE Transactions on},
  volume={52},
  number={2},
  pages={489--509},
  year={2006},
  publisher={IEEE}
}


@article{candes2006near,
  title={Near-optimal signal recovery from random projections: Universal encoding strategies?},
  author={Candes, Emmanuel J and Tao, Terence},
  journal={Information Theory, IEEE Transactions on},
  volume={52},
  number={12},
  pages={5406--5425},
  year={2006},
  publisher={IEEE}
}

@article{MillerBWB15,
  author = {Miller, Benjamin A. and Bliss, Nadya T. and Wolfe, Patrick J. and Beard, Michelle S.},
  journal = {IEEE Transactions on Signal Processing},
  title = {A Spectral Framework for Anomalous Subgraph Detection.},
  year = 2015
}


@article{donoho2006compressed,
  title={Compressed sensing},
  author={Donoho, David L},
  journal={Information Theory, IEEE Transactions on},
  volume={52},
  number={4},
  pages={1289--1306},
  year={2006},
  publisher={IEEE}
}

@book{honig2009advances,
  title={Advances in multiuser detection},
  author={Honig, Michael L and Institute of Electrical and Electronics Engineers},
  year={2009},
  publisher={Wiley Online Library}
}

@article{citeulike:3361217,
    abstract = {In important application fields today-genomics and proteomics are examples-selecting a small subset of useful features is crucial for success of Linear Classification Analysis. We study feature selection by thresholding of feature Z-scores and introduce a principle of threshold selection, based on the notion of higher criticism (HC). For i = 1, 2, ..., p, let pi(i) denote the two-sided P-value associated with the ith feature Z-score and pi((i)) denote the ith order statistic of the collection of P-values. The HC threshold is the absolute Z-score corresponding to the P-value maximizing the HC objective (i/p - pi((i)))/sqrt{i/p(1-i/p)}. We consider a rare/weak (RW) feature model, where the fraction of useful features is small and the useful features are each too weak to be of much use on their own. HC thresholding (HCT) has interesting behavior in this setting, with an intimate link between maximizing the HC objective and minimizing the error rate of the designed classifier, and very different behavior from popular threshold selection procedures such as false discovery rate thresholding (FDRT). In the most challenging RW settings, HCT uses an unconventionally low threshold; this keeps the missed-feature detection rate under better control than FDRT and yields a classifier with improved misclassification performance. Replacing cross-validated threshold selection in the popular Shrunken Centroid classifier with the computationally less expensive and simpler HCT reduces the variance of the selected threshold and the error rate of the constructed classifier. Results on standard real datasets and in asymptotic theory confirm the advantages of HCT.},
    author = {Donoho, David and Jin, Jiashun},
    citeulike-article-id = {3361217},
    citeulike-linkout-0 = {http://dx.doi.org/10.1073/pnas.0807471105},
    citeulike-linkout-1 = {http://www.pnas.org/content/105/39/14790.abstract},
    citeulike-linkout-2 = {http://www.pnas.org/content/105/39/14790.full.pdf},
    citeulike-linkout-3 = {http://view.ncbi.nlm.nih.gov/pubmed/18815365},
    citeulike-linkout-4 = {http://www.hubmed.org/display.cgi?uids=18815365},
    day = {30},
    doi = {10.1073/pnas.0807471105},
    issn = {1091-6490},
    journal = {Proceedings of the National Academy of Sciences of the United States of America},
    keywords = {feature-selection},
    month = sep,
    number = {39},
    pages = {14790--14795},
    pmid = {18815365},
    posted-at = {2010-08-25 09:03:59},
    priority = {2},
    title = {{Higher criticism thresholding: Optimal feature selection when useful features are rare and weak.}},
    url = {http://dx.doi.org/10.1073/pnas.0807471105},
    volume = {105},
    year = {2008}
}

@article{Jin13Rare,
  title={Rare and Weak effects in Large-Scale Inference: methods and phase diagrams},
  author={Jin, Jiashun and Ke, Tracy},
  journal={arXiv preprint arXiv:1410.4578},
  year={2015}
}

@article{galimberti2009penalized,
  title={Penalized factor mixture analysis for variable selection in clustered data},
  author={Galimberti, Giuliano and Montanari, Angela and Viroli, Cinzia},
  journal={Computational Statistics \& Data Analysis},
  volume={53},
  number={12},
  pages={4301--4310},
  year={2009},
  publisher={Elsevier}
}

@article{yu2015outlier,
  title={Outlier detection and robust mixture modeling using nonconvex penalized likelihood},
  author={Yu, Chun and Chen, Kun and Yao, Weixin},
  journal={Journal of Statistical Planning and Inference},
  volume={164},
  pages={27--38},
  year={2015},
  publisher={Elsevier}
}

@article{iyer2013fast,
  title={Fast semidifferential-based submodular function optimization},
  author={Iyer, Rishabh and Jegelka, Stefanie and Bilmes, Jeff},
  journal={arXiv preprint arXiv:1308.1006},
  year={2013}
}

@article{khalili2007variable,
  title={Variable selection in finite mixture of regression models},
  author={Khalili, Abbas and Chen, Jiahua},
  journal={Journal of the american Statistical association},
  volume={102},
  number={479},
  year={2007}
}

@article{stadler2010,
  title={$\ell_1$-penalization for mixture regression models},
  author={St{\"a}dler, Nicolas and B{\"u}hlmann, Peter and Van De Geer, Sara},
  journal={Test},
  volume={19},
  number={2},
  pages={209--256},
  year={2010},
  publisher={Springer}
}

@inproceedings{yang2006hclustream,
  title={Hclustream: A novel approach for clustering evolving heterogeneous data stream},
  author={Yang, Chunyu and Zhou, Jie},
  booktitle={Data Mining Workshops, 2006. ICDM Workshops 2006. Sixth IEEE International Conference on},
  pages={682--688},
  year={2006},
  organization={IEEE}
}

@incollection{yoon2006heterogeneous,
  title={Heterogeneous clustering ensemble method for combining different cluster results},
  author={Yoon, Hye-Sung and Ahn, Sun-Young and Lee, Sang-Ho and Cho, Sung-Bum and Kim, Ju Han},
  booktitle={Data Mining for Biomedical Applications},
  pages={82--92},
  year={2006},
  publisher={Springer}
}

@incollection{johnson2000collective,
  title={Collective, hierarchical clustering from distributed, heterogeneous data},
  author={Johnson, Erik L and Kargupta, Hillol},
  booktitle={Large-Scale Parallel Data Mining},
  pages={221--244},
  year={2000},
  publisher={Springer}
}

@article{yang2007classification,
  title={Classification of heterogeneous fuzzy data by Choquet integral with fuzzy-valued integrand},
  author={Yang, Rong and Wang, Zhenyuan and Heng, Pheng-Ann and Leung, Kwong-Sak},
  journal={Fuzzy Systems, IEEE Transactions on},
  volume={15},
  number={5},
  pages={931--942},
  year={2007},
  publisher={IEEE}
}

@article{lewis2006support,
  title={Support vector machine learning from heterogeneous data: an empirical analysis using protein sequence and structure},
  author={Lewis, Darrin P and Jebara, Tony and Noble, William Stafford},
  journal={Bioinformatics},
  volume={22},
  number={22},
  pages={2753--2760},
  year={2006},
  publisher={Oxford Univ Press}
}

@inproceedings{xu2007web,
  title={Web page classification with heterogeneous data fusion},
  author={Xu, Zenglin and King, Irwin and Lyu, Michael R},
  booktitle={Proceedings of the 16th international conference on World Wide Web},
  pages={1171--1172},
  year={2007},
  organization={ACM}
}

@incollection{xing2003distributed,
  title={Distributed regression for heterogeneous data sets},
  author={Xing, Yan and Madden, Michael G and Duggan, Jim and Lyons, Gerard J},
  booktitle={Advances in Intelligent Data Analysis V},
  pages={544--553},
  year={2003},
  publisher={Springer}
}

@inproceedings{pei2012mining,
  title={Mining Fuzzy Association Rules from Heterogeneous Probabilistic Datasets},
  author={Pei, Bin and Zhao, Tingting and Zhao, Suyun and Chen, Hong},
  booktitle={Tools with Artificial Intelligence (ICTAI), 2012 IEEE 24th International Conference on},
  volume={1},
  pages={828--835},
  year={2012},
  organization={IEEE}
}

@article{chen2008detecting,
  title={On detecting spatial outliers},
  author={Chen, Dechang and Lu, Chang-Tien and Kou, Yufeng and Chen, Feng},
  journal={Geoinformatica},
  volume={12},
  number={4},
  pages={455--475},
  year={2008},
  publisher={Springer}
}

@article{lu2009path,
  title={On path anomaly detection in a large transportation network},
  author={Lu, Qifeng and Chen, Feng and Hancock, Kathleen},
  journal={Computers, Environment and Urban Systems},
  volume={33},
  number={6},
  pages={448--462},
  year={2009},
  publisher={Elsevier}
}



@article{boedihardjo2015fast,
  title={Fast adaptive kernel density estimator for data streams},
  author={Boedihardjo, Arnold P and Lu, Chang-Tien and Chen, Feng},
  journal={Knowledge and Information Systems},
  volume={42},
  number={2},
  pages={285--317},
  year={2015},
  publisher={Springer}
}

@article{yan2014specmonitor,
  title={SpecMonitor: Toward Efficient Passive Traffic Monitoring for Cognitive Radio Networks},
  author={Yan, Qiben and Li, Ming and Chen, Feng and Jiang, Tingting and Lou, Wenjing and Hou, Y Thomas and Lu, Chang-Tien},
  journal={Wireless Communications, IEEE Transactions on},
  volume={13},
  number={10},
  pages={5893--5905},
  year={2014},
  publisher={IEEE}
}

@article{hua2013analyzing,
  title={Analyzing civil unrest through social media},
  author={Hua, Ting and Lu, Chang-Tien and Ramakrishnan, Naren and Chen, Feng and Arredondo, Jaime and Mares, David and Summers, Kristen},
  journal={Computer},
  number={12},
  pages={80--84},
  year={2013},
  publisher={IEEE}
}

@article{zhao2014unsupervised,
  title={Unsupervised Spatial Event Detection in Targeted Domains with Applications to Civil Unrest Modeling},
  author={Zhao, Liang and Chen, Feng and Dai, Jing and Hua, Ting and Lu, Chang-Tien and Ramakrishnan, Naren},
  year={2014}
}

@inproceedings{journals/jmlr/SaligramaZ12,
author = {Saligrama, Venkatesh and Zhao, Manqi},
booktitle = {AISTATS},
crossref = {conf/aistats/2012},
editor = {Lawrence, Neil D. and Girolami, Mark},
ee = {http://jmlr.csail.mit.edu/proceedings/papers/v22/saligrama12.html},
keywords = {dblp},
pages = {969-983},
publisher = {JMLR.org},
series = {JMLR Proceedings},
title = {Local Anomaly Detection.},
url = {http://dblp.uni-trier.de/db/journals/jmlr/jmlrp22.html#SaligramaZ12},
volume = 22,
year = 2012
}



@inproceedings{conf/nips/QianS14,
author = {Qian, Jing and Saligrama, Venkatesh},
booktitle = {NIPS},
crossref = {conf/nips/2014},
editor = {Ghahramani, Zoubin and Welling, Max and Cortes, Corinna and Lawrence, Neil D. and Weinberger, Kilian Q.},
ee = {http://papers.nips.cc/paper/5525-efficient-minimax-signal-detection-on-graphs},
keywords = {dblp},
pages = {2708-2716},
title = {Efficient Minimax Signal Detection on Graphs.},
url = {http://dblp.uni-trier.de/db/conf/nips/nips2014.html#QianS14},
year = 2014
}


@article{lappas2012spatiotemporal,
  title={On the spatiotemporal burstiness of terms},
  author={Lappas, Theodoros and Vieira, Marcos R and Gunopulos, Dimitrios and Tsotras, Vassilis J},
  journal={Proceedings of the VLDB Endowment},
  volume={5},
  number={9},
  pages={836--847},
  year={2012},
  publisher={VLDB Endowment}
}


@inproceedings{zhao15kdd,
  title={Multi-task learning for spatio-temporal event forecasting},
  author={Zhao, Liang and Sun, Qian and Ye, Jieping, Chen, Feng and Lu, Chang-Tien and Ramakrishnan, Naren},
  booktitle={Proceedings of the 21th ACM SIGKDD international conference on Knowledge discovery and data mining},
  year={2015},
}

@inproceedings{zhao15sdm,
  title={Spatiotemporal Event Forecasting in Twitter},
  author={Zhao, Liang and Chen, Feng and Lu, Chang-Tien and Ramakrishnan, Naren},
  booktitle={Siam International Conference on Data Mining (SDM)},
  year={2015},
}

@inproceedings{jin2014modeling,
  title={Modeling mass protest adoption in social network communities using geometric brownian motion},
  author={Jin, Fang and Khandpur, Rupinder Paul and Self, Nathan and Dougherty, Edward and Guo, Sheng and Chen, Feng and Prakash, B Aditya and Ramakrishnan, Naren},
  booktitle={Proceedings of the 20th ACM SIGKDD international conference on Knowledge discovery and data mining},
  pages={1660--1669},
  year={2014},
  organization={ACM}
}

@inproceedings{ramakrishnan2014beating,
  title={'Beating the news' with EMBERS: forecasting civil unrest using open source indicators},
  author={Ramakrishnan, Naren and Butler, Patrick and Muthiah, Sathappan and Self, Nathan and Khandpur, Rupinder and Saraf, Parang and Wang, Wei and Cadena, Jose and Vullikanti, Anil and Korkmaz, Gizem and others},
  booktitle={Proceedings of the 20th ACM SIGKDD international conference on Knowledge discovery and data mining},
  pages={1799--1808},
  year={2014},
  organization={ACM}
}

@article{chen2015human,
  title={Human Rights Event Detection from Heterogeneous Social Media Graphs},
  author={Chen, Feng and Neill, Daniel B},
  journal={Big Data},
  volume={3},
  number={1},
  pages={34--40},
  year={2015},
  publisher={Mary Ann Liebert, Inc. 140 Huguenot Street, 3rd Floor New Rochelle, NY 10801 USA}
}

@article{chen2014nonb,
  title={Non-Parametric Scan Statistics for Disease Outbreak Detection on Twitter},
  author={Chen, Feng and Neill, Daniel},
  journal={Online jl public health informatics},
  year={2014},
}

@inproceedings{elbery2013carpooling,
  title={A carpooling recommendation system based on social VANET and geo-social data},
  author={Elbery, Ahmed and ElNainay, Mustafa and Chen, Feng and Lu, Chang-Tien and Kendall, Jeffrey},
  booktitle={Proceedings of the 21st ACM SIGSPATIAL International Conference on Advances in Geographic Information Systems},
  pages={556--559},
  year={2013},
  organization={ACM}
}

@inproceedings{liu2013learning,
  title={Learning thread reply structure on patient forums},
  author={Liu, Yunzhong and Chen, Feng and Chen, Yi},
  booktitle={Proceedings of the 2013 international workshop on Data management \& analytics for healthcare},
  pages={1--4},
  year={2013},
  organization={ACM}
}

@article{hua13sted,
  title={STED: Semi-Supervised Targeted Event Detection},
  author={Hua, Ting and Chen, Feng and Zhao, Liang and Lu, Chang-Tien and Ramakrishnan, Naren},
  journal={KDD'13},
  pages={11--14}
}

@inproceedings{lu2013generalized,
  title={A Generalized Student-t Based Approach to Mixed-Type Anomaly Detection.},
  author={Lu, Yen-Cheng and Chen, Feng and Chen, Yang and Lu, Chang-Tien},
  booktitle={AAAI},
  year={2013}
}

@inproceedings{wang2013hierarchical,
  title={A Hierarchical Probabilistic Model for Low Sample Rate Home-Use Energy Disaggregation},
  author={Wang, Bingsheng and Dong, Haili and Boedihardjo, Arnold P and Chen, Feng and Lu, Chang-Tien},
  booktitle={SIAM International Conference on Data Mining (SDM)},
  pages={704--712},
  year={2013}
}

@inproceedings{chen2012student,
  title={Student-t Based Robust Spatio-temporal Prediction},
  author={Chen, Yang and Chen, Feng and Dai, Jing and Clancy, T Charles and Wu, Yao-Jan},
  booktitle={Data Mining (ICDM), 2012 IEEE 12th International Conference on},
  pages={151--160},
  year={2012},
  organization={IEEE}
}

@article{wanglow,
  title={Low-sample-rate Water Consumption Disaggregation via Sparse Coding with Featured Discriminative Dictionary},
  author={Wang, Bingsheng and Chen, Feng and Dong, Haili and Boedihardjo, Arnold P and Lu, Chang-Tien}
}

@inproceedings{chen2012spatial,
  title={Spatial surrogates to forecast social mobilization and civil unrests},
  author={Chen, Feng and Arredondo, Jaime and Khandpur, Rupinder Paul and Lu, Chang-Tien and Mares, David and Gupta, Dipak and Ramakrishnan, Naren},
  booktitle={Position Paper in CCC Workshop on “From GPS and Virtual Globes to Spatial Computing-2012},
  year={2012}
}

@inproceedings{chen2015nsf,
  title={APDL: A Probabilistic Modeling Language for Anomalous Pattern
Detection on Large Graphs},
  author={Chen, Feng},
  booktitle={Position Paper in NSF-CDI/IBSS Workshop on``Human Dynamics Across Social Media and
Social Networks''},
  year={2015}
}

@inproceedings{wu2012traffic,
  title={Traffic flow prediction for urban network using spatio-temporal random effects model},
  author={Wu, Yao-Jan and Chen, Feng and Lu, C and Smith, B and Chen, Y},
  booktitle={91st Annual Meeting of the Transportation Research Board (TRB)},
  year={2012}
}

@inproceedings{liu2011spatial,
  title={Spatial categorical outlier detection: pair correlation function based approach},
  author={Liu, Xutong and Chen, Feng and Lu, Chang-Tien},
  booktitle={Proceedings of the 19th ACM SIGSPATIAL International Conference on Advances in Geographic Information Systems},
  pages={465--468},
  year={2011},
  organization={ACM}
}

@inproceedings{dai2011multi,
  title={Multi-granular demand forecasting in SmarterWater},
  author={Dai, Jing and Li, Ming and Sahu, Sambit and Naphade, Milind and Chen, Feng},
  booktitle={Proceedings of the 13th international conference on Ubiquitous computing},
  pages={595--596},
  year={2011},
  organization={ACM}
}

@inproceedings{chen2011activity,
  title={Activity analysis based on low sample rate smart meters},
  author={Chen, Feng and Dai, Jing and Wang, Bingsheng and Sahu, Sambit and Naphade, Milind and Lu, Chang-Tien},
  booktitle={Proceedings of the 17th ACM SIGKDD international conference on Knowledge discovery and data mining},
  pages={240--248},
  year={2011},
  organization={ACM}
}

@inproceedings{chen2010gls,
  title={Gls-sod: a generalized local statistical approach for spatial outlier detection},
  author={Chen, Feng and Lu, Chang-Tien and Boedihardjo, Arnold P},
  booktitle={Proceedings of the 16th ACM SIGKDD international conference on Knowledge discovery and data mining},
  pages={1069--1078},
  year={2010},
  organization={ACM}
}

@inproceedings{dai2010regional,
  title={Regional behavior change detection via local spatial scan},
  author={Dai, Jing and Chen, Feng and Sahu, Sambit and Naphade, Milind},
  booktitle={Proceedings of the 18th SIGSPATIAL International Conference on Advances in Geographic Information Systems},
  pages={490--493},
  year={2010},
  organization={ACM}
}

@inproceedings{chen2008locally,
  title={On locally linear classification by pairwise coupling},
  author={Chen, Feng and Lu, Chang-Tien and Boedihardjo, Arnold P},
  booktitle={Data Mining, 2008. ICDM'08. Eighth IEEE International Conference on},
  pages={749--754},
  year={2008},
  organization={IEEE}
}

@inproceedings{boedihardjo2008framework,
  title={A framework for estimating complex probability density structures in data streams},
  author={Boedihardjo, Arnold P and Lu, Chang-Tien and Chen, Feng},
  booktitle={Proceedings of the 17th ACM conference on Information and knowledge management},
  pages={619--628},
  year={2008},
  organization={ACM}
}

@inproceedings{liu2010spatial,
  title={Spatial outlier detection: Random walk based approaches},
  author={Liu, Xutong and Lu, Chang-Tien and Chen, Feng},
  booktitle={Proceedings of the 18th SIGSPATIAL International Conference on Advances in Geographic Information Systems},
  pages={370--379},
  year={2010},
  organization={ACM}
}

@inproceedings{liu2008entropy,
  title={An entropy-based method for assessing the number of spatial outliers},
  author={Liu, Xutong and Lu, Chang-Tien and Chen, Feng},
  booktitle={Information Reuse and Integration, 2008. IRI 2008. IEEE International Conference on},
  pages={244--249},
  year={2008},
  organization={IEEE}
}

@inproceedings{kratz2009anomaly,
  title={Anomaly detection in extremely crowded scenes using spatio-temporal motion pattern models},
  author={Kratz, Louis and Nishino, Ko},
  booktitle={Computer Vision and Pattern Recognition, 2009. CVPR 2009. IEEE Conference on},
  pages={1446--1453},
  year={2009},
  organization={IEEE}
}

@inproceedings{lakhina2004characterization,
  title={Characterization of network-wide anomalies in traffic flows},
  author={Lakhina, Anukool and Crovella, Mark and Diot, Christiphe},
  booktitle={Proceedings of the 4th ACM SIGCOMM conference on Internet measurement},
  pages={201--206},
  year={2004},
  organization={ACM}
}

@article{thatte2011parametric,
  title={Parametric methods for anomaly detection in aggregate traffic},
  author={Thatte, Gautam and Mitra, Urbashi and Heidemann, John},
  journal={IEEE/ACM Transactions on Networking (TON)},
  volume={19},
  number={2},
  pages={512--525},
  year={2011},
  publisher={IEEE Press}
}

@inproceedings{camacho2014tackling,
  title={Tackling the Big Data 4 vs for anomaly detection},
  author={Camacho, Jorge and Macia-Fernandez, Gabriel and Diaz-Verdejo, Jesus and Garcia-Teodoro, Pedro},
  booktitle={Computer Communications Workshops (INFOCOM WKSHPS), 2014 IEEE Conference on},
  pages={500--505},
  year={2014},
  organization={IEEE}
}

@article{palmieri2014distributed,
  title={A distributed approach to network anomaly detection based on independent component analysis},
  author={Palmieri, Francesco and Fiore, Ugo and Castiglione, Aniello},
  journal={Concurrency and Computation: Practice and Experience},
  volume={26},
  number={5},
  pages={1113--1129},
  year={2014},
  publisher={Wiley Online Library}
}

@inproceedings{rocha2011detection,
  title={Detection of illicit network activities based on multivariate gaussian fitting of multi-scale traffic characteristics},
  author={Rocha, Eduardo and Salvador, Paulo and Nogueira, Ant{\'o}nio},
  booktitle={Communications (ICC), 2011 IEEE International Conference on},
  pages={1--6},
  year={2011},
  organization={IEEE}
}

@inproceedings{sricharan2011efficient,
  title={Efficient anomaly detection using bipartite k-NN graphs},
  author={Sricharan, Kumar and Hero, Alfred O},
  booktitle={Advances in Neural Information Processing Systems},
  pages={478--486},
  year={2011}
}

@inproceedings{liu2013network,
  title={Network traffic anomaly detection using clustering techniques and performance comparison},
  author={Liu, Duo and Lung, Chung-Horng and Lambadańs, Ioannis and Seddigh, Nabil},
  booktitle={Electrical and Computer Engineering (CCECE), 2013 26th Annual IEEE Canadian Conference on},
  pages={1--4},
  year={2013},
  organization={IEEE}
}

@article{cabrera2008ensemble,
  title={Ensemble methods for anomaly detection and distributed intrusion detection in mobile ad-hoc networks},
  author={Cabrera, Jo{\~a}o BD and Guti{\'e}rrez, Carlos and Mehra, Raman K},
  journal={Information Fusion},
  volume={9},
  number={1},
  pages={96--119},
  year={2008},
  publisher={Elsevier}
}

@inproceedings{menahem2013combining,
  title={Combining one-class classifiers via meta learning},
  author={Menahem, Eitan and Rokach, Lior and Elovici, Yuval},
  booktitle={Proceedings of the 22nd ACM international conference on Conference on information \& knowledge management},
  pages={2435--2440},
  year={2013},
  organization={ACM}
}

@inproceedings{wang2013ensemble,
  title={Ensemble classifier for traffic in presence of changing distributions},
  author={Wang, Runxin and Shi, Lei and Jennings, Brendan},
  booktitle={Computers and Communications (ISCC), 2013 IEEE Symposium on},
  pages={000629--000635},
  year={2013},
  organization={IEEE}
}

@article{pescaru2014ensemble,
  title={Ensemble based traffic light control for city zones using a reduced number of sensors},
  author={Pescaru, Dan and Curiac, Daniel-Ioan},
  journal={Transportation Research Part C: Emerging Technologies},
  volume={46},
  pages={261--273},
  year={2014},
  publisher={Elsevier}
}

@inproceedings{reddy2014real,
  title={Real Time Anomaly Detection Using Ensembles},
  author={Reddy, R Ravinder and Ramadevi, Y and Sunitha, KVN},
  booktitle={Information Science and Applications (ICISA), 2014 International Conference on},
  pages={1--4},
  year={2014},
  organization={IEEE}
}

@article{ando2013ensemble,
  title={Ensemble anomaly detection from multi-resolution trajectory features},
  author={Ando, Shin and Thanomphongphan, Theerasak and Seki, Yoichi and Suzuki, Einoshin},
  journal={Data Mining and Knowledge Discovery},
  volume={29},
  number={1},
  pages={39--83},
  year={2013},
  publisher={Springer}
}

@article{rayana2014ensemble,
  title={An Ensemble Approach for Event Detection and Characterization in Dynamic Graphs},
  author={Rayana, Shebuti and Akoglu, Leman},
  year={2014}
}

@article{sagha2013line,
  title={On-line anomaly detection and resilience in classifier ensembles},
  author={Sagha, Hesam and Bayati, Hamidreza and Mill{\'a}n, Jos{\'e} del R and Chavarriaga, Ricardo},
  journal={Pattern Recognition Letters},
  volume={34},
  number={15},
  pages={1916--1927},
  year={2013},
  publisher={Elsevier}
}

@inproceedings{bhuyan2012effective,
  title={An effective unsupervised network anomaly detection method},
  author={Bhuyan, Monowar H and Bhattacharyya, DK and Kalita, Jugal K},
  booktitle={Proceedings of the International Conference on Advances in Computing, Communications and Informatics},
  pages={533--539},
  year={2012},
  organization={ACM}
}

@inproceedings{noto2010anomaly,
  title={Anomaly detection using an ensemble of feature models},
  author={Noto, Keith and Brodley, Carla and Slonim, Donna},
  booktitle={Data Mining (ICDM), 2010 IEEE 10th International Conference on},
  pages={953--958},
  year={2010},
  organization={IEEE}
}

@article{oza2008classifier,
  title={Classifier ensembles: Select real-world applications},
  author={Oza, Nikunj C and Tumer, Kagan},
  journal={Information Fusion},
  volume={9},
  number={1},
  pages={4--20},
  year={2008},
  publisher={Elsevier}
}

@inproceedings{gao2011consensus,
  title={Consensus extraction from heterogeneous detectors to improve performance over network traffic anomaly detection},
  author={Gao, Jing and Fan, Wei and Turaga, Deepak and Verscheure, Olivier and Meng, Xiaoqiao and Su, Lu and Han, Jiawei},
  booktitle={INFOCOM, 2011 Proceedings IEEE},
  pages={181--185},
  year={2011},
  organization={IEEE}
}

@inproceedings{ciocarlie2013detecting,
  title={Detecting anomalies in cellular networks using an ensemble method},
  author={Ciocarlie, Gabriela F and Lindqvist, Ulf and Nov{\'a}czki, Szabolcs and Sanneck, Henning},
  booktitle={Network and Service Management (CNSM), 2013 9th International Conference on},
  pages={171--174},
  year={2013},
  organization={IEEE}
}

@inproceedings{das2010multiple,
  title={Multiple kernel learning for heterogeneous anomaly detection: algorithm and aviation safety case study},
  author={Das, Santanu and Matthews, Bryan L and Srivastava, Ashok N and Oza, Nikunj C},
  booktitle={Proceedings of the 16th ACM SIGKDD international conference on Knowledge discovery and data mining},
  pages={47--56},
  year={2010},
  organization={ACM}
}

@inproceedings{saligrama2012local,
  title={Local anomaly detection},
  author={Saligrama, Venkatesh and Zhao, Manqi},
  booktitle={International Conference on Artificial Intelligence and Statistics},
  pages={969--983},
  year={2012}
}

@inproceedings{pham2011detection,
  title={Detection of cross-channel anomalies from multiple data channels},
  author={Pham, Duc-Son and Saha, Budhaditya and Phung, Dinh Q and Venkatesh, Svetha},
  booktitle={Data Mining (ICDM), 2011 IEEE 11th International Conference on},
  pages={527--536},
  year={2011},
  organization={IEEE}
}

@article{chen2014user,
  title={A User Friendly Framework for Anomalous Pattern Detection},
  author={Chen, Feng},
  year={2014}
}

@inproceedings{chen2014road,
  title={Road traffic congestion monitoring in social media with hinge-loss Markov random fields},
  author={Chen, Po-Ta and Chen, Feng and Qian, Zhen},
  booktitle={Data Mining (ICDM), 2014 IEEE International Conference on},
  pages={80--89},
  year={2014},
  organization={IEEE}
}

@inproceedings{chakraborty2014forecasting,
  title={Forecasting a moving target: Ensemble models for ILI case count predictions},
  author={Chakraborty, Prithwish and Khadivi, Pejman and Lewis, Bryan and Mahendiran, Aravindan and Chen, Jiangzhuo and Butler, Patrick and Nsoesie, Elaine O and Mekaru, Sumiko R and Brownstein, John S and Marathe, Madhav and others},
  booktitle={Proceedings of the 2014 SIAM International Conference on Data Mining. Proceedings. Society for Industrial and Applied Mathematics},
  pages={262--270},
  year={2014}
}

@article{journals/sigkdd/RattiganJ05,
  author = {Rattigan, Matthew J. and Jensen, David},
  date = {2006-04-21},
  description = {dblp},
  ee = {http://doi.acm.org/10.1145/1117454.1117460},
  journal = {SIGKDD Explorations},
  keywords = {dblp},
  number = 2,
  pages = {41-47},
  title = {The case for anomalous link discovery.},
  url = {http://dblp.uni-trier.de/db/journals/sigkdd/sigkdd7.html#RattiganJ05},
  volume = 7,
  year = 2005
}

@inproceedings{conf/nips/MillerBW10,
  author = {Miller, Benjamin A. and Bliss, Nadya T. and Wolfe, Patrick J.},
  booktitle = {NIPS},
  crossref = {conf/nips/2010},
  editor = {Lafferty, John D. and Williams, Christopher K. I. and Shawe-Taylor, John and Zemel, Richard S. and Culotta, Aron},
  ee = {http://papers.nips.cc/paper/4044-subgraph-detection-using-eigenvector-l1-norms},
  keywords = {dblp},
  pages = {1633-1641},
  publisher = {Curran Associates, Inc.},
  title = {Subgraph Detection Using Eigenvector L1 Norms.},
  url = {http://dblp.uni-trier.de/db/conf/nips/nips2010.html#MillerBW10},
  year = 2010
}



@inproceedings{conf/icdm/AbelloED10,
  author = {Abello, James and Eliassi-Rad, Tina and Devanur, Nishchal},
  booktitle = {ICDM},
  crossref = {conf/icdm/2010},
  editor = {Webb, Geoffrey I. and 0001, Bing Liu and Zhang, Chengqi and Gunopulos, Dimitrios and Wu, Xindong},
  ee = {http://doi.ieeecomputersociety.org/10.1109/ICDM.2010.145},
  isbn = {978-0-7695-4256-0},
  keywords = {dblp},
  pages = {8-17},
  publisher = {IEEE Computer Society},
  title = {Detecting Novel Discrepancies in Communication Networks.},
  url = {http://dblp.uni-trier.de/db/conf/icdm/icdm2010.html#AbelloED10},
  year = 2010
}


@inproceedings{DBLP:conf/icde/LiLHL09,
  author    = {Xiaolei Li and
               Zhenhui Li and
               Jiawei Han and
               Jae{-}Gil Lee},
  title     = {Temporal Outlier Detection in Vehicle Traffic Data},
  booktitle = {Proceedings of the 25th International Conference on Data Engineering,
               {ICDE} 2009, March 29 2009 - April 2 2009, Shanghai, China},
  pages     = {1319--1322},
  year      = {2009},
  crossref  = {DBLP:conf/icde/2009},
  url       = {http://dx.doi.org/10.1109/ICDE.2009.230},
  doi       = {10.1109/ICDE.2009.230},
}

@inproceedings{conf/pakdd/AkogluMF10,
  author = {Akoglu, Leman and McGlohon, Mary and Faloutsos, Christos},
  booktitle = {PAKDD (2)},
  crossref = {conf/pakdd/2010-2},
  editor = {Zaki, Mohammed Javeed and Yu, Jeffrey Xu and Ravindran, Balaraman and Pudi, Vikram},
  ee = {http://dx.doi.org/10.1007/978-3-642-13672-6_40},
  isbn = {978-3-642-13671-9},
  keywords = {dblp},
  pages = {410-421},
  publisher = {Springer},
  series = {Lecture Notes in Computer Science},
  title = {oddball: Spotting Anomalies in Weighted Graphs.},
  url = {http://dblp.uni-trier.de/db/conf/pakdd/pakdd2010-2.html#AkogluMF10},
  volume = 6119,
  year = 2010
}


@inproceedings{cao2013efficient,
  title={Efficient optimization for sparse gaussian process regression},
  author={Cao, Yanshuai and Brubaker, Marcus A and Fleet, David and Hertzmann, Aaron},
  booktitle={Advances in Neural Information Processing Systems},
  pages={1097--1105},
  year={2013}
}

@article{rue2009approximate,
  title={Approximate Bayesian inference for latent Gaussian models by using integrated nested Laplace approximations},
  author={Rue, H{\aa}vard and Martino, Sara and Chopin, Nicolas},
  journal={Journal of the royal statistical society: Series b (statistical methodology)},
  volume={71},
  number={2},
  pages={319--392},
  year={2009},
  publisher={Wiley Online Library}
}


@article{Miller13det,
  title={Detection Theory for Graphs},
  author={Miller, B. A. and Bliss, N. T. and Wolfe, P. J. and Beard, M. S.},
  journal={Lincoln Laboratory Journal},
  volume={20},
  number={1},
  pages={10-30},
  year={2013}
}



@inproceedings{seeger2003fast,
  title={Fast forward selection to speed up sparse Gaussian process regression},
  author={Seeger, Matthias and Williams, Christopher and Lawrence, Neil},
  booktitle={Artificial Intelligence and Statistics 9},
  number={EPFL-CONF-161318},
  year={2003}
}

@article{rasmussen2006gaussian,
  title={Gaussian processes for machine learning},
  author={Rasmussen, Carl Edward},
  year={2006},
  publisher={Citeseer}
}

@article{hensman2012gaussian,
  title={Gaussian processes for big data through stochastic variational inference},
  author={Hensman, James and Lawrence, Neil},
  journal={Adv Neural Inf Process Syst},
  volume={25},
  year={2012},
  publisher={Citeseer}
}

@article{bach2013hinge,
  title={Hinge-loss Markov random fields: Convex inference for structured prediction},
  author={Bach, Stephen and Huang, Bert and London, Ben and Getoor, Lise},
  journal={arXiv preprint arXiv:1309.6813},
  year={2013}
}

@inproceedings{kimmig2012short,
  title={A short introduction to probabilistic soft logic},
  author={Kimmig, Angelika and Bach, Stephen and Broecheler, Matthias and Huang, Bert and Getoor, Lise},
  booktitle={Proceedings of the NIPS Workshop on Probabilistic Programming: Foundations and Applications},
  pages={1--4},
  year={2012}
}

@book{vapnik1998statistical,
  title={Statistical learning theory},
  author={Vapnik, Vladimir Naumovich and Vapnik, Vlamimir},
  volume={1},
  year={1998},
  publisher={Wiley New York}
}

@article{fan2014challenges,
  title={Challenges of big data analysis},
  author={Fan, Jianqing and Han, Fang and Liu, Han},
  journal={National science review},
  volume={1},
  number={2},
  pages={293--314},
  year={2014},
  publisher={Oxford University Press}
}

@article{arias2013distribution,
  title={Distribution-free tests for sparse heterogeneous mixtures},
  author={Arias-Castro, Ery and Wang, Meng},
  journal={arXiv preprint arXiv:1308.0346},
  year={2013}
}

@inproceedings{conf/soda/WardZ14,
  author = {Ward, Justin and Zivny, Stanislav},
  booktitle = {SODA},
  crossref = {conf/soda/2014},
  editor = {Chekuri, Chandra},
  ee = {http://dx.doi.org/10.1137/1.9781611973402.108},
  isbn = {978-1-61197-340-2},
  keywords = {dblp},
  pages = {1468-1481},
  publisher = {SIAM},
  title = {Maximizing Bisubmodular and k-Submodular Functions.},
  url = {http://dblp.uni-trier.de/db/conf/soda/soda2014.html#WardZ14},
  year = 2014
}

@article{mcfowland2013fast,
  title={Fast generalized subset scan for anomalous pattern detection},
  author={McFowland, Edward and Speakman, Skyler and Neill, Daniel B},
  journal={JMLR},
  volume={14(1)},
  year={2013},
}

@article{neill2013fast,
  title={Fast subset scan for multivariate event detection},
  author={Neill, Daniel B and McFowland, Edward and Zheng, Huanian},
  journal={Statistics in medicine},
  volume={32},
  number={13},
  pages={2185--2208},
  year={2013},
  publisher={Wiley Online Library}
}

@article{schuemie2014interpreting,
  title={Interpreting observational studies: why empirical calibration is needed to correct p-values},
  author={Schuemie, Martijn J and Ryan, Patrick B and DuMouchel, William and Suchard, Marc A and Madigan, David},
  journal={Statistics in medicine},
  volume={33},
  number={2},
  pages={209--218},
  year={2014},
  publisher={Wiley Online Library}
}


@article{dickhaus2012simultaneous,
  title={Simultaneous test procedures in terms of p-value copulae},
  author={Dickhaus, Thorsten and Gierl, Jakob},
  year={2012},
  publisher={Humboldt-Universit{\"a}t zu Berlin, Wirtschaftswissenschaftliche Fakult{\"a}t}
}

@article{embrechts2009copulas,
  title={Copulas: A personal view},
  author={Embrechts, Paul},
  journal={Journal of Risk and Insurance},
  volume={76},
  number={3},
  pages={639--650},
  year={2009},
  publisher={Wiley Online Library}
}

@article{pitt2006efficient,
  title={Efficient Bayesian inference for Gaussian copula regression models},
  author={Pitt, Michael and Chan, David and Kohn, Robert},
  journal={Biometrika},
  volume={93},
  number={3},
  pages={537--554},
  year={2006},
  publisher={Biometrika Trust}
}

@article{bodnar2014false,
  title={False discovery rate control under Archimedean copula},
  author={Bodnar, Taras and Dickhaus, Thorsten and others},
  journal={Electronic Journal of Statistics},
  volume={8},
  number={2},
  pages={2207--2241},
  year={2014},
  publisher={Institute of Mathematical Statistics}
}

@article{kojadinovic2010modeling,
  title={Modeling multivariate distributions with continuous margins using the copula R package},
  author={Kojadinovic, Ivan and Yan, Jun and others},
  journal={Journal of Statistical Software},
  volume={34},
  number={9},
  pages={1--20},
  year={2010}
}

@article{fan2015innovated,
  title={Innovated interaction screening for high-dimensional nonlinear classification},
  author={Fan, Yingying and Kong, Yinfei and Li, Daoji and Zheng, Zemin and others},
  journal={The Annals of Statistics},
  volume={43},
  number={3},
  pages={1243--1272},
  year={2015},
  publisher={Institute of Mathematical Statistics}
}

@book{jaworski2010copula,
  title={Copula theory and its applications},
  author={Jaworski, Piotr and Durante, Fabrizio and Hardle, Wolfgang Karl and Rychlik, Tomasz},
  year={2010},
  publisher={Springer}
}

@article{ruschendorf1976asymptotic,
  title={Asymptotic distributions of multivariate rank order statistics},
  author={Ruschendorf, Ludger},
  journal={The Annals of Statistics},
  pages={912--923},
  year={1976},
  publisher={JSTOR}
}

@book{kendall1948rank,
  title={Rank correlation methods},
  author={Kendall, M.G.},
  lccn={50001031},
  url={https://books.google.co.in/books?id=hiBMAAAAMAAJ},
  year={1948},
  publisher={C. Griffin}
}


@article{patel1973hajek,
  title={H{\'a}jek-{\v{S}}id{\'a}k approach to the asymptotic distribution of multivariate rank order statistics},
  author={Patel, Kantilal M},
  journal={Journal of Multivariate Analysis},
  volume={3},
  number={1},
  pages={57--70},
  year={1973},
  publisher={Elsevier}
}

@inproceedings{liu2014multiple,
  title={Multiple Testing under Dependence via Semiparametric Graphical Models},
  author={Liu, Jie and Zhang, Chunming and Burnside, Elizabeth and Page, David},
  booktitle={Proceedings of the... International Conference on Machine Learning. International Conference on Machine Learning},
  volume={2014},
  pages={955},
  year={2014},
  organization={NIH Public Access}
}

@article{hall2008properties,
  title={Properties of higher criticism under strong dependence},
  author={Hall, Peter and Jin, Jiashun},
  journal={The Annals of Statistics},
  pages={381--402},
  year={2008},
  publisher={JSTOR}
}

@article{sellke2001calibration,
  title={Calibration of $\rho$ values for testing precise null hypotheses},
  author={Sellke, Thomas and Bayarri, MJ and Berger, James O},
  journal={The American Statistician},
  volume={55},
  number={1},
  pages={62--71},
  year={2001},
  publisher={Taylor \& Francis}
}

@article{sun2009large,
  title={Large-scale multiple testing under dependence},
  author={Sun, Wenguang and Tony Cai, T},
  journal={Journal of the Royal Statistical Society: Series B (Statistical Methodology)},
  volume={71},
  number={2},
  pages={393--424},
  year={2009},
  publisher={Wiley Online Library}
}

@article{hall2010innovated,
  title={Innovated higher criticism for detecting sparse signals in correlated noise},
  author={Hall, Peter and Jin, Jiashun and others},
  journal={The Annals of Statistics},
  volume={38},
  number={3},
  pages={1686--1732},
  year={2010},
  publisher={Institute of Mathematical Statistics}
}

@inproceedings{liu2014learning,
  title={Learning heterogeneous hidden Markov random fields},
  author={Liu, Jie and Zhang, Chunming and Burnside, Elizabeth and Page, David},
  booktitle={JMLR workshop and conference proceedings},
  volume={33},
  pages={576},
  year={2014},
  organization={NIH Public Access}
}

@article{kimmig2015lifted,
  title={Lifted graphical models: A survey},
  author={Kimmig, Angelika and Mihalkova, Lilyana and Getoor, Lise},
  journal={Machine Learning},
  volume={99},
  number={1},
  pages={1--45},
  year={2015},
  publisher={Springer}
}

@inproceedings{xu2009multi,
  title={Multi-Relational Learning with Gaussian Processes.},
  author={Xu, Zhao and Kersting, Kristian and Tresp, Volker},
  booktitle={IJCAI},
  volume={9},
  pages={1309--1314},
  year={2009}
}

@inproceedings{liu2012graphical,
  title={Graphical-model based multiple testing under dependence, with applications to genome-wide association studies},
  author={Liu, Jie and Peissig, Peggy and Zhang, Chunming and Burnside, Elizabeth and McCarty, Catherine and Page, David},
  booktitle={Uncertainty in artificial intelligence: proceedings of the... conference. Conference on Uncertainty in Artificial Intelligence},
  volume={2012},
  pages={511},
  year={2012},
  organization={NIH Public Access}
}

@article{han2010control,
  title={Control of the false discovery rate under arbitrary covariance dependence},
  author={Han, Xu and Gu, Weijie and Fan, Jianqing},
  journal={arXiv preprint arXiv:1012.4397},
  year={2010}
}

@article{friguet2009factor,
  title={A factor model approach to multiple testing under dependence},
  author={Friguet, Chlo{\'e} and Kloareg, Maela and Causeur, David},
  journal={Journal of the American Statistical Association},
  year={2009},
}


@article{leek2008general,
  title={A general framework for multiple testing dependence},
  author={Leek, Jeffrey T and Storey, John D},
  journal={Proceedings of the National Academy of Sciences},
  year={2008},
}

@article{joachims09cutting,
  author = {Joachims, Thorsten and Finley, Thomas and Yu, Chun-Nam},
  journal = {Machine Learning},
  title = {Cutting-Plane Training of Structural {SVM}s},
  year = 2009
}


@inproceedings{conf/icml/WilsonA13,
  author = {Wilson, Andrew Gordon and Adams, Ryan Prescott},
  booktitle = {ICML},
  title = {Gaussian Process Kernels for Pattern Discovery and Extrapolation.},
  year = 2013
}


@article{Genton:01,
  author = {Genton, Marc G.},
  journal = {Journal of Machine Learning Research},
  title = {Classes of Kernels for Machine Learning: A Statistics Perspective.},
  year = 2001
}

@incollection{reference/stat/Daimon11,
  author = {Daimon, Takashi},
  booktitle = {International Encyclopedia of Statistical Science},
  title = {Box-Cox Transformation.},
  year = 2011
}


@article{Sakia1992,
  author = {Sakia, R. M.},
  journal = {Journal of the Royal Statistical Society. Series D (The Statistician)},
  title = {The Box-Cox Transformation Technique: A Review},
  year = 1992
}

@article{tax1999support,
  title={Support vector domain description},
  author={Tax, David MJ and Duin, Robert PW},
  journal={Pattern recognition letters},
  year={1999},
}

@inproceedings{chen2001one,
  title={One-class SVM for learning in image retrieval},
  author={Chen, Yunqiang and Zhou, Xiang Sean and Huang, Thomas S},
  booktitle={Image Processing, 2001. Proceedings. 2001 International Conference on},
  year={2001},
}

@inproceedings{scholkopf1999support,
  title={Support Vector Method for Novelty Detection.},
  author={Sch{\"o}lkopf, Bernhard and Williamson, Robert C and Smola, Alex J and Shawe-Taylor, John and Platt, John C},
  booktitle={NIPS},
  year={1999}
}

@article{journals/corr/abs-1201-0794,
  author = {Lafferty, John D. and Liu, Han and Wasserman, Larry A.},
  journal = {CoRR},
  title = {Sparse Nonparametric Graphical Models},
  year = 2012
}


@article{neill2007nonparametric,
  title={A nonparametric scan statistic for multivariate disease surveillance},
  author={Neill, Daniel B and Lingwall, Jeff},
  journal={Advances in Disease Surveillance},
  year={2007}
}

@article{neill2009empirical,
  title={An empirical comparison of spatial scan statistics for outbreak detection},
  author={Neill, Daniel B},
  journal={International Journal of Health Geographics},
  year={2009},
}

@inproceedings{conf/icml/SunSK15,
  author = {Sun, Tao and Sheldon, Daniel and Kumar, Akshat},
  booktitle = {ICML},
  title = {Message Passing for Collective Graphical Models.},
  year = 2015
}

@inproceedings{sheldon2011collective,
  title={Collective graphical models},
  author={Sheldon, Daniel R and Dietterich, Thomas G},
  booktitle={Advances in Neural Information Processing Systems},
  year={2011}
}

@inproceedings{sheldon2013approximate,
  title={Approximate inference in collective graphical models},
  author={Sheldon, Daniel and Sun, Tao and Kumar, Akshat and Dietterich, Tom},
  year={2013},
  organization={ICDM}
}

@article{liu2014gaussian,
  title={Gaussian Approximation of Collective Graphical Models},
  author={Liu, Li-Ping and Sheldon, Daniel and Dietterich, Thomas G},
  journal={arXiv preprint arXiv:1405.5156},
  year={2014}
}

@inproceedings{wang2013multi,
  title={Multi-view clustering and feature learning via structured sparsity},
  author={Wang, Hua and Nie, Feiping and Huang, Heng},
  booktitle={ICML},
  pages={352--360},
  year={2013}
}

@article{neill2011fast,
  title={Fast Bayesian scan statistics for multivariate event detection and visualization},
  author={Neill, Daniel B},
  journal={Statistics in Medicine},
  year={2011},
}

@inproceedings{shao2011generalized,
  title={A generalized fast subset sums framework for bayesian event detection},
  author={Shao, Kan and Liu, Yandong and Neill, Daniel B},
  booktitle={ICDM},
  year={2011},
}

@article{neill2010multivariate,
  title={A multivariate Bayesian scan statistic for early event detection and characterization},
  author={Neill, Daniel B and Cooper, Gregory F},
  journal={Machine learning},
  year={2010},
}

@incollection{neill2009bayesian,
  title={Bayesian network scan statistics for multivariate pattern detection},
  author={Neill, Daniel B and Cooper, Gregory F and Das, Kaustav and Jiang, Xia and Schneider, Jeff},
  booktitle={Scan Statistics},
  year={2009},
}

@inproceedings{makatchev2008learning,
  title={Learning outbreak regions in Bayesian spatial scan statistics},
  author={Makatchev, Maxim and Neill, Daniel B},
  year={2008},
  organization={International Conference on Machine Learning}
}


@article{neill2012new,
  title={New directions in artificial intelligence for public health surveillance},
  author={Neill, Daniel B},
  journal={IEEE Intelligent Systems},
  year={2012},
}

@article{de2010detection,
  title={Detection of patterns in water distribution pipe breakage using spatial scan statistics for point events in a physical network},
  author={de Oliveira, Daniel P and Neill, Daniel B and Garrett Jr, James H and Soibelman, Lucio},
  journal={Journal of Computing in Civil Engineering},
  year={2010},
}

@article{boykov2004experimental,
  title={An experimental comparison of min-cut/max-flow algorithms for energy minimization in vision},
  author={Boykov, Yuri and Kolmogorov, Vladimir},
  journal={Pattern Analysis and Machine Intelligence, IEEE Transactions on},
  year={2004},
}

@inproceedings{buchbinder2012tight,
  title={A tight linear time (1/2)-approximation for unconstrained submodular maximization},
  author={Buchbinder, Niv and Feldman, Michael and Naor, Joseph and Schwartz, Roy},
  booktitle={FOCS},
  year={2012},
}

@inproceedings{bach2012scaling,
  title={Scaling MPE inference for constrained continuous Markov random fields with consensus optimization},
  author={Bach, Stephen and Broecheler, Matthias and Getoor, Lise and O'leary, Dianne},
  booktitle={Advances in Neural Information Processing Systems},
  year={2012}
}



@inproceedings{hossain2012storytelling,
  title={Storytelling in entity networks to support intelligence analysts},
  author={Hossain, M Shahriar and Butler, Patrick and Boedihardjo, Arnold P and Ramakrishnan, Naren},
  booktitle={KDD},
  year={2012},
  organization={ACM}
}

@inproceedings{leskovec2012learning,
  title={Learning to discover social circles in ego networks},
  author={Leskovec, Jure and Mcauley, Julian J},
  booktitle={Advances in neural information processing systems},
  year={2012}
}
@article{yan2014specmonitor,
  title={SpecMonitor: Toward Efficient Passive Traffic Monitoring for Cognitive Radio Networks},
  author={Yan, Qiben and Li, Ming and Chen, Feng and Jiang, Tingting and Lou, Wenjing and Hou, Y Thomas and Lu, Chang-Tien},
  journal={Wireless Communications, IEEE Transactions on},
  year={2014},
}

@inproceedings{lu2013infocom,
  title={Optimal Passive Monitoring Framework for Network Forensics in Cognitive Radio Networks},
  author={Qiben Yan, Ming Li, Feng Chen, Tingting Jiang, Wenjing Lou, Y. Thomas Hou, and Chang-Tien Lu},
  booktitle={INFOCOM},
  year={2013},
}

@inproceedings{luicdm20132,
  title={Robust Inference and Outlier Detection for Large Spatial Data Sets},
  author={Xutong Liu, Feng Chen, and Chang-Tien Lu},
  booktitle={ICDM},
  year={2013},
}

@article{liu2014detecting,
  title={On detecting spatial categorical outliers},
  author={Liu, Xutong and Chen, Feng and Lu, Chang-Tien},
  journal={GeoInformatica},
  year={2014},
}

@inproceedings{chengis2008,
  title={HOMES: Highway Operations and Monitoring and Evaluation System},
  author={Chang-Tien Lu, Arnold P. Boedihardjo, David Dai, and Feng Chen},
  booktitle={ACM SIGSPATIAL GIS},
  year={2008},
}

@inproceedings{fermentaslambda,
author = {Rebecca Hiscott},
title = {You can buy prescription drugs on Amazon—no prescription required},
booktitle={In (\em The Daily Dot)},
year = {2014},
url = {http://www.dailydot.com/business/buying-drugs-amazon/}
}

@inproceedings{emarker2013,
author = {Rebecca Hiscott},
title = {Twitter Use Rises Across US Age Groups},
booktitle={In {\em eMarketer Analyst Reports}},
year = {2013},
}

@inproceedings{conf/nips/0002H13,
  author = {0002, Daniel S. Levine and How, Jonathan P.},
  booktitle = {NIPS},
  title = {Sensor Selection in High-Dimensional Gaussian Trees with Nuisances.},
  year = 2013
}

@article{davidov2009new,
  title={New tests for stochastic order with application to case control studies},
  author={Davidov, Ori and Herman, Amir},
  journal={Journal of Statistical Planning and Inference},
  year={2009},
}

@inproceedings{mahdavi2012stochastic,
  title={Stochastic gradient descent with only one projection},
  author={Mahdavi, Mehrdad and Yang, Tianbao and Jin, Rong and Zhu, Shenghuo and Yi, Jinfeng},
  booktitle={Advances in Neural Information Processing Systems},
  year={2012}
}

@article{hoffman2013stochastic,
  title={Stochastic variational inference},
  author={Hoffman, Matthew D and Blei, David M and Wang, Chong and Paisley, John},
  journal={The Journal of Machine Learning Research},
  year={2013},
}

@article{quinonero2005unifying,
  title={A unifying view of sparse approximate Gaussian process regression},
  author={Qui{\~n}onero-Candela, Joaquin and Rasmussen, Carl Edward},
  journal={The Journal of Machine Learning Research},
  year={2005},
}


@inproceedings{conf/icdm/MongioviBS13,
  author = {Mongiovì, Misael and Bogdanov, Petko and Singh, Ambuj K.},
  booktitle = {ICDM},
  title = {Mining Evolving Network Processes.},
  year = 2013
}

@ARTICLE{kost2002combining,
title = {Combining dependent P-values},
author = {Kost, James T. and McDermott, Michael P.},
year = {2002},
journal = {Statistics \& Probability Letters},
}


@article{zaykin2002truncated,
  title={Truncated product method for combining P-values},
  author={Zaykin, Dmitri V and Zhivotovsky, Lev A and Westfall, Peter H and Weir, Bruce S},
  journal={Genetic epidemiology},
  year={2002}
}


@article{zhong2013tests,
  title={Tests alternative to higher criticism for high-dimensional means under sparsity and column-wise dependence},
  author={Zhong, Ping-Shou and Chen, Song Xi and Xu, Minya and others},
  journal={The Annals of Statistics},
  year={2013},
}

@article{subramanian2015detection,
  title={Detection of Dependent Heavy-tailed Signals},
  author={Subramanian, Arun and Sundaresan, Ashok and Varshney, Pramod},
  year={2015},
  journal = {IEEE Transactions on Signal Processing}, 
}

@inproceedings{subramanian2011fusion,
  title={Fusion for the detection of dependent signals using multivariate copulas},
  author={Subramanian, Arun and Sundaresan, Ashok and Varshney, Pramod K},
  booktitle={FUSION},
  year={2011},
}

@inproceedings{he2012fusing,
  title={Fusing heterogeneous data for detection under non-stationary dependence},
  author={He, Hao and Subramanian, Ananth and Varshney, Pramod K and Damarla, Thyagaraju},
  booktitle={FUSION},
  year={2012},
}

@article{he2015fusing,
  title={Fusing Censored Dependent Data for Distributed Detection},
  author={He, Hao and Varshney, Pramod K},
  journal={arXiv preprint arXiv:1503.07826},
  year={2015}
}

@article{iyengar2012fusing,
  title={Fusing dependent decisions for hypothesis testing with heterogeneous sensors},
  author={Iyengar, Satish G and Niu, Ruixin and Varshney, Pramod K},
  journal={Signal Processing, IEEE Transactions on},
  year={2012},
}

@article{fan2012estimating,
  title={Estimating false discovery proportion under arbitrary covariance dependence},
  author={Fan, Jianqing and Han, Xu and Gu, Weijie},
  journal={Journal of the American Statistical Association},
  year={2012},
}

@article{sun2009large,
  title={Large-scale multiple testing under dependence},
  author={Sun, Wenguang and Tony Cai, T},
  journal={Journal of the Royal Statistical Society: Series B (Statistical Methodology)},
  year={2009},
}

@article{li2014rate,
  title={A rate optimal procedure for sparse signal recovery under dependence},
  author={Li, Jun and Zhong, Ping-Shou},
  journal={arXiv preprint arXiv:1410.2839},
  year={2014}
}

@article{friguet2009factor,
  title={A factor model approach to multiple testing under dependence},
  author={Friguet, Chlo{\'e} and Kloareg, Maela and Causeur, David},
  journal={Journal of the American Statistical Association},
  year={2009},
}


@article{rayaprolu2014multiple,
  title={Multiple Testing under Dependence with Approximate Conditional Likelihood},
  author={Rayaprolu, Sairam and Chi, Zhiyi},
  journal={arXiv preprint arXiv:1412.7778},
  year={2014}
}

@article{ghosh2015new,
  title={A new multiple testing procedure under dependence},
  author={Ghosh, Prasenjit and Chakrabarti, Arijit},
  journal={arXiv preprint arXiv:1503.08923},
  year={2015}
}

@article{sexton2012adaptive,
  title={Adaptive combination of dependent tests},
  author={Sexton, Joseph and Blomhoff, Rune and Karlsen, Anette and Laake, Petter},
  journal={Computational Statistics \& Data Analysis},
  year={2012},
}

@inproceedings{hegde2015nearly,
  title={A Nearly-Linear Time Framework for Graph-Structured Sparsity},
  author={Hegde, Chinmay and Indyk, Piotr and Schmidt, Ludwig},
  booktitle={ICML},
  year={2015}
}

@article{hongying2014modified,
  title={A modified generalized Fisher method for combining probabilities from dependent tests},
  author={Hongying Dai, J and Cui, Yuehua},
  journal={Frontiers in genetics},
  year={2014},
}

@article{alves2011combining,
  title={Combining independent, weighted P-values: achieving computational stability by a systematic expansion with controllable accuracy},
  author={Alves, Gelio and Yu, Yi-Kuo},
  year={2011}
}

@inproceedings{Demetrescu06,
  author = {Matei Demetrescu, Uwe Hassler, and Adina-Ioana
Tarcolea},
  booktitle = {Oxford Bulletin of Economics and Statistics},
  title = {Combining Significance of Correlated Statistics with Application to Panel Data},
  year = 2006
}

@ARTICLE{Pisinger94aminimal,
    author = {David Pisinger},
    title = {A Minimal Algorithm for the Multiple-Choice Knapsack Problem.},
    journal = {European Journal of Operational Research},
    year = {1994},
}

@ARTICLE{Barmi05,
title = {Inferences Under a Stochastic Ordering Constraint: The k-Sample Case},
author = {Barmi, Hammou El and Mukerjee, Hari},
year = {2005},
journal = {Journal of the American Statistical Association},
}
@ARTICLE{Davidov09,
title = {New tests for stochastic order with application to case control studies},
author = {Davidov, O. and Herman, A.},
year = {2009},
journal = {Journal of the Statistical Planning and Inference},
}

@inproceedings{conf/infocom/WangLG09,
  author = {Wang, Yue and Lederer, Sol and Gao, Jie},
  booktitle = {INFOCOM},
  title = {Connectivity-Based Sensor Network Localization with Incremental Delaunay Refinement Method.},
  year = 2009
}


@inproceedings{conf/mobicom/WangGM06,
  author = {Wang, Yue and Gao, Jie and Mitchell, Joseph S. B.},
  booktitle = {MOBICOM},
  title = {Boundary recognition in sensor networks by topological methods.},
  year = 2006
}


@inproceedings{conf/eccv/CriminisiSB08,
  author = {Criminisi, Antonio and Sharp, Toby and 0001, Andrew Blake},
  booktitle = {ECCV (1)},
  title = {GeoS: Geodesic Image Segmentation.},
  year = 2008
}


@article{journals/ijcv/BenmansourC11,
  author = {Benmansour, Fethallah and Cohen, Laurent D.},
  journal = {International Journal of Computer Vision},
  title = {Tubular Structure Segmentation Based on Minimal Path Method and Anisotropic Enhancement.},
  year = 2011
}



@inproceedings{conf/iccv/BaiS07,
  author = {Bai, Xue and Sapiro, Guillermo},
  booktitle = {ICCV},
  title = {A Geodesic Framework for Fast Interactive Image and Video Segmentation and Matting.},
  year = 2007
}


@article{journals/ton/NarvaezST00,
  author = {Narváez, Paolo and Siu, Kai-Yeung and Tzeng, Hong-Yi},
  journal = {IEEE/ACM Trans. Netw.},
  title = {New dynamic algorithms for shortest path tree computation.},
  year = 2000
}


@article{journals/tkde/GuptaGAH14,
  author = {Gupta, Manish and Gao, Jing and Aggarwal, Charu C. and Han, Jiawei},
  journal = {IEEE Trans. Knowl. Data Eng.},
  title = {Outlier Detection for Temporal Data: A Survey.},
  year = 2014
}


@article{Xie:2011:ADW:1988082.1988328,
 author = {Xie, Miao and Han, Song and Tian, Biming and Parvin, Sazia},
 title = {Anomaly Detection in Wireless Sensor Networks: A Survey},
 journal = {J. Netw. Comput. Appl.},
 year = {2011},
} 

@article{akoglu2014graph,
  title={Graph based anomaly detection and description: a survey},
  author={Akoglu, Leman and Tong, Hanghang and Koutra, Danai},
  journal={Data Mining and Knowledge Discovery},
  year={2014},
}

@article{journals/csur/AggarwalS14,
  author = {Aggarwal, Charu C. and Subbian, Karthik},
  journal = {ACM Comput. Surv.},
  title = {Evolutionary Network Analysis: A Survey.},
  year = 2014
}

@article{Chen15BigData,
  author = {Chen, Feng and Neill, Daniel },
  journal = {Big Data},
  pages = {34--40},
  title = {Human rights event detection from heterogeneous social media graphs},
  volume = 3,
  issue = 1,
  year = 2015
}

@inproceedings{qian2014efficient,
  title={Efficient minimax signal detection on graphs},
  author={Qian, Jing and Saligrama, Venkatesh},
  booktitle={Advances in Neural Information Processing Systems},
  pages={2708--2716},
  year={2014}
}

@inproceedings{NobleC03,
  author    = {Caleb C. Noble and
               Diane J. Cook},
  title     = {Graph-based anomaly detection},
  booktitle = {KDD},
  year      = {2003},
}

@inproceedings{SpeakmanZN13,
  author    = {Skyler Speakman and
               Yating Zhang and
               Daniel B. Neill},
  title     = {Dynamic Pattern Detection with Temporal Consistency and Connectivity
               Constraints},
  booktitle = {ICDM},
  year      = {2013},
}

@inproceedings{ChenCQ14,
  author    = {Po{-}Ta Chen and
               Feng Chen and
               Zhen Qian},
  title     = {Road Traffic Congestion Monitoring in Social Media with Hinge-Loss
               Markov Random Fields},
  booktitle = {ICDM},
  year      = {2014},
}

@article{Donoho04,
  author    = {David Donoho and
               Jiashun Jin},
  title     = {Goodness-of-fit test statistics that dominate the Kolmogorov statistics},
  journal   = {Annals of Statistics},
  year      = {2004},
}


@article{LiuYCS13,
  author    = {Song Liu and
               Makoto Yamada and
               Nigel Collier and
               Masashi Sugiyama},
  title     = {Change-point detection in time-series data by relative density-ratio
               estimation},
  journal   = {Neural Networks},
  year      = {2013},
}

@inproceedings{StuhmerSC13,
  author    = {Jan St{\"{u}}hmer and
               Peter Schr{\"{o}}der and
               Daniel Cremers},
  title     = {Tree Shape Priors with Connectivity Constraints Using Convex Relaxation
               on General Graphs},
  booktitle = {ICCV},
  year      = {2013},
}

@article{bansal2004improved,
  title={Improved fully polynomial time approximation scheme for the 0-1 multiple-choice knapsack problem},
  author={Bansal, M and Venkaiah, V},
  journal={International Institute of Information Technology Tech Report},
  year={2004},
}


@inproceedings{gionis15,
  author    = {Aristides Gionis and
               Michael Mathioudakis and
               Antti Ukkonen},
  title     = {Bump hunting in the dark: Local discrepancy maximization on graphs},
  booktitle = {ICDE},
  year      = {2015},
}

@article{Affash15,
  author    = {A. Karim Abu{-}Affash},
  title     = {The Euclidean Bottleneck Full Steiner Tree Problem},
  journal   = {Algorithmica},
  year      = {2015},
}

@article{birnbaum1954combining,
  title={Combining independent tests of significance*},
  author={Birnbaum, Allan},
  journal={Journal of the American Statistical Association},
  year={1954},
}

@article{berk1979asymptotically,
  title={Asymptotically optimal methods of combining tests},
  author={Berk, Robert H and Cohen, Arthur},
  journal={Journal of the American Statistical Association},
  year={1979},
}


@inproceedings{conf/soda/AgarwalPV06,
  author = {Agarwal, Deepak and Phillips, Jeff M. and Venkatasubramanian, Suresh},
  booktitle = {SODA},
  title = {The hunting of the bump: on maximizing statistical discrepancy.},
  year = 2006
}

@article{Needell:2009:UUP:1530720.1530722,
 author = {Needell, Deanna and Vershynin, Roman},
 title = {Uniform Uncertainty Principle and Signal Recovery via\&\#x00a0;Regularized Orthogonal Matching Pursuit},
 journal = {Found. Comput. Math.},
 year = {2009},
} 

@inproceedings{conf/sdm/BogdanovFMPRS13,
  author = {Bogdanov, Petko and Faloutsos, Christos and Mongiovì, Misael and Papalexakis, Evangelos E. and Ranca, Razvan and Singh, Ambuj K.},
  booktitle = {SDM},
  title = {NetSpot: Spotting Significant Anomalous Regions on Dynamic Networks.},
  year = 2013
}

@article{journals/corr/AdcockSM14,
  author = {Adcock, Aaron B. and Sullivan, Blair D. and Mahoney, Michael W.},
  journal = {CoRR},
  title = {Tree decompositions and social graphs.},
  year = 2014
}

@article{jung2010spatial,
  title={A spatial scan statistic for multinomial data},
  author={Jung, Inkyung and Kulldorff, Martin and Richard, Otukei John},
  journal={Statistics in medicine},
  year={2010},
}

@inproceedings{conf/soda/JohnsonMP00,
  author = {Johnson, David S. and Minkoff, Maria and Phillips, Steven},
  booktitle = {SODA},
  title = {The prize collecting Steiner tree problem: theory and practice.},
  year = 2000
}


@article{tibshirani96regression,
  author = {Tibshirani, R.},
  journal = {Journal of the Royal Statistical Society (Series B)},
  title = {Regression Shrinkage and Selection via the Lasso},
  year = 1996
}

@article{mazumder2012exact,
  title={Exact covariance thresholding into connected components for large-scale graphical lasso},
  author={Mazumder, Rahul and Hastie, Trevor},
  journal={The Journal of Machine Learning Research},
  year={2012},
}

@article{yang2015fused,
  title={Fused multiple graphical lasso},
  author={Yang, Sen and Lu, Zhaosong and Shen, Xiaotong and Wonka, Peter and Ye, Jieping},
  journal={SIAM Journal on Optimization},
  year={2015},
}

@article{boyd2011distributed,
  title={Distributed optimization and statistical learning via the alternating direction method of multipliers},
  author={Boyd, Stephen and Parikh, Neal and Chu, Eric and Peleato, Borja and Eckstein, Jonathan},
  journal={Foundations and Trends{\textregistered} in Machine Learning},
  year={2011},
}

@article{nesterov2005smooth,
  title={Smooth minimization of non-smooth functions},
  author={Nesterov, Yu},
  journal={Mathematical programming},
  year={2005},
}

@article{Friedman07biostat,
  author = {Friedman, Jerome and Hastie, Trevor and Tibshirani, Robert},
  journal = {Biostatistics},
  pages = {432-441},
  title = {Sparse inverse covariance estimation with the graphical lasso},
  volume = 9,
  issue = 3, 
  year = 2007
}

@article{Arias-Castro11,
  author    = {Ery Arias-Castro and Emmanuel J. Candès and Arnaud Durand},
  title     = {Detection of an anomalous cluster in a network},
  journal   = {The Annals of Statistics},
  year      = {2011},
}

@inproceedings{DBLP:conf/icdm/ShaoLN11,
  author    = {Kan Shao and
               Yandong Liu and
               Daniel B. Neill},
  title     = {A Generalized Fast Subset Sums Framework for Bayesian Event Detection},
  booktitle = {ICDM},
  year      = {2011},
}


@ARTICLE{EP-Neill-09,
title = {Expectation-based scan statistics for monitoring spatial time series data},
author = {Neill, Daniel B.},
year = {2009},
journal = {International Journal of Forecasting},
}

@inproceedings{conf/nips/NeillMC05,
  author = {Neill, Daniel B. and 0001, Andrew W. Moore and Cooper, Gregory F.},
  booktitle = {NIPS},
  title = {A Bayesian Spatial Scan Statistic.},
  year = 2005
}

@inproceedings{conf/nips/NeillMPM04,
  author = {Neill, Daniel B. and 0001, Andrew W. Moore and Pereira, Francisco and Mitchell, Tom M.},
  booktitle = {NIPS},
  title = {Detecting Significant Multidimensional Spatial Clusters.},
  year = 2004
}

@inproceedings{NeillM04KDD,
  author = {Neill, Daniel B. and Moore, Andrew W.},
  booktitle = {KDD},
  title = {Rapid detection of significant spatial clusters.},
  year = 2004
}

@inproceedings{DBLP:conf/cocoa/AlthausBDHK14,
  author    = {Ernst Althaus and
               Markus Blumenstock and
               Alexej Disterhoft and
               Andreas Hildebrandt and
               Markus Krupp},
  title     = {Algorithms for the Maximum Weight Connected k -Induced Subgraph Problem},
  booktitle = {COCOA},
  year      = {2014},
}

@article{patil2003geographic,
  title={Geographic and network surveillance via scan statistics for critical area detection},
  author={Patil, GP and Taillie, C and others},
  journal={Statistical Science},
  year={2003},
}

@article{kulldorff2001prospective,
  title={Prospective time periodic geographical disease surveillance using a scan statistic},
  author={Kulldorff, Martin},
  journal={Journal of the Royal Statistical Society: Series A (Statistics in Society)},
  year={2001},
}

@article{kulldorff2005space,
  title={A space-time permutation scan statistic for disease outbreak detection},
  author={Kulldorff, Martin and Heffernan, Richard and Hartman, Jessica and Assun{\c{c}}ao, Renato and Mostashari, Farzad},
  journal={PLoS medicine},
  year={2005},
}

@article{jung2007spatial,
  title={A spatial scan statistic for ordinal data},
  author={Jung, Inkyung and Kulldorff, Martin and Klassen, Ann C},
  journal={Statistics in Medicine},
  year={2007},
}


@article{simes86_cr,
    author = {Simes, R. J.},
    journal = {Biometrika},
    title = {{An improved Bonferroni procedure for multiple tests of significance}},
    year = {1986}
}

@TECHREPORT{RePEc:amu:wpaper:2012-11,
title = {Combination of "Combinations of P-values"},
author = {Sheng, Xuguang and Cheng, Lan},
year = {2012},
number = {2012-11},
}

@book{fisher1925statistical,
  author = {Fisher, R.A.},
  publisher = {Edinburgh Oliver \& Boyd},
  title = {Statistical methods for research workers},
  year = 1925
}

@article{Edgington-72,
    author = {Edgington, E.S.},
    journal = {The Journal of Psychology},
    title = {An additive method for combining probability values from independent experiments},
    year = {1972}
}

@book{tippett1952methods,
  title={The Methods of Statistics},
  author={Tippett, L.H.C.},
  year={1952},
  publisher={Williams and Norgate}
}


@book{stouffer-suchman-devinney-star-williams49,
  author = {Stouffer, Samuel A. and Suchman, Edward A. and DeVinney, Leland C. and Star, Shirley A. and Williams, Robin M.},
  publisher = {Princeton University Press},
  title = {The American Soldier. Adjustment During Army Life},
  year = 1949
}


@article{Alves-14,
    author = {Alves, Gelio AND Yu, Yi-Kuo},
    journal = {PLoS ONE},
    title = {Accuracy Evaluation of the Unified p-Value from Combining Correlated p-Values},
    year = {2014},
}        


@article{Loughin2004,
  author = {Loughin, Thomas M.},
  journal = {Computational Statistics \& Data Analysis},
  title = {A systematic comparison of methods for combining p-values from independent tests},
  year = 2004
}

@book{Garey-Johnson-1979,
    author = {M. R. Garey and D. S. Johnson},
    title = {Computers and {I}ntractability: A {G}uide to the {T}heory of
             {NP}-completeness},
    publisher = {W. H. Freeman and Co.},
    year = {1979},
}
    

@article{journals/csda/Davidov11,
  author = {Davidov, Ori},
  journal = {Computational Statistics \& Data Analysis},
  title = {Combining p-values using order-based methods.},
  year = 2011
}

@article{Bryan51,
author = {Wilkinson, Bryan},
booktitle = {Psychological Bulletin},
title = {A statistical consideration in psychological research},
year = {1951}
}


@article{2669,
    author = {Li, Shaoyu and Williams, Barry L. and Cui, Yuehua},
    booktitle = {Statistics and Its Interface},
    title = {{A combined p-value approach to infer pathway regulations in eQTL mapping}},
    year = {2011}
}



@article{citeulike:1725671,
    author = {Zaykin, Dmitri V. and Zhivotovsky, Lev A. and Czika, Wendy and Shao, Susan and Wolfinger, Russell D.},
    journal = {Pharmaceutical statistics},
    title = {{Combining p-values in large-scale genomics experiments.}},
    year = {2007}
}


@article{journals/biodatamining/DaiBBLGM12,
  author = {Dai, Hongying and Bhandary, Madhusudan and Becker, Mara and Leeder, J. Steven and Gaedigk, Roger and Motsinger-Reif, Alison A.},
  journal = {BioData Mining},
  title = {Global tests of P-values for multifactor dimensionality reduction models in selection of optimal number of target genes.},
  year = 2012
}

@article{donoho2004,
author = "Donoho, David and Jin, Jiashun",
journal = "The Annals of Statistics",
title = "Higher criticism for detecting sparse heterogeneous mixtures",
year = {2004}
}


@article{citeulike:9989129,
    author = {Pao, Henry and Coppersmith, Glen A. and Priebe, Carey E.},
    journal = {Journal of Computational and Graphical Statistics},
    title = {{Statistical Inference on Random Graphs: Comparative Power Analyses via Monte Carlo}},
    year = {2011}
}



@inproceedings{conf/kdd/NeillMSD05,
  author = {Neill, Daniel B. and Moore, Andrew W. and Sabhnani, Maheshkumar and Daniel, Kenny},
  booktitle = {KDD},
  title = {Detection of emerging space-time clusters.},
  year = 2005
}

@article{becker2011beyond,
  author = {Becker, Hila and Naaman, Mor and Gravano, Luis},
  journal = {ICWSM},
  title = {Beyond Trending Topics: Real-World Event Identification on Twitter.},
  year = 2011
}

@article{chandola2009anomaly,
  author = {Chandola, Varun and Banerjee, Arindam and Kumar, Vipin},
  journal = {ACM Computing Surveys},
  title = {Anomaly detection: A survey},
  year = 2009
}

@article{journals/eor/Blum07,
  author = {Blum, Christian},
  journal = {European Journal of Operational Research},
  title = {Revisiting dynamic programming for finding optimal subtrees in trees.},
  year = 2007
}


@article{Berk-79,
  author = {R. H. Berk and D. H. Jones},
  title = {Goodness-of-fit test statistics that dominate the Kolmogorov statistics},
  journal = {Z. Wahrsch. Verw. Gebiete},
  year = 1979
}

@inproceedings{conf/uai/IyerB12,
  author = {Iyer, Rishabh and Bilmes, Jeff},
  booktitle = {UAI},
  title = {Algorithms for Approximate Minimization of the Difference Between Submodular Functions, with Applications.},
  year = 2012
}



@inproceedings{conf/uai/NarasimhanB05,
  author = {Narasimhan, Mukund and Bilmes, Jeff A.},
  booktitle = {UAI},
  title = {A Submodular-supermodular Procedure with Applications to Discriminative Structure Learning.},
  year = 2005
}

@InProceedings{kawahara2015-supermodular-tree,
  author =  {Yoshinobu Kawahara and Rishabh Iyer and Jeff Bilmes},
  title = {On Approximate Non-submodular Minimization via Tree-Structured Supermodularity},
  booktitle = {AISTATS},
  year =    {2015},
}

@article{KuoLT13,
  author = {Kuo, Tung-Wei and Lin, Kate Ching-Ju and Tsai, Ming-Jer},
  journal = {IEEE Transactions on Networking}, 
  title = {Maximizing submodular set function with connectivity constraint: Theory and application to networks.},
  year = 2014
}



@incollection{krause14survey,
	Author = {Andreas Krause and Daniel Golovin},
	Booktitle = {Tractability: Practical Approaches to Hard Problems (to appear)},
	Title = {Submodular Function Maximization},
	Year = {2014}}


@inproceedings{conf/nips/IyerB13,
  author = {Iyer, Rishabh K. and Bilmes, Jeff A.},
  booktitle = {NIPS},
  title = {Submodular Optimization with Submodular Cover and Submodular Knapsack Constraints.},
  year = 2013
}



@inproceedings{conf/icml/IyerJB13,
  author = {Iyer, Rishabh and Jegelka, Stefanie and Bilmes, Jeff},
  booktitle = {ICML},
  title = {Fast Semidifferential-based Submodular Function Optimization.},
  year = 2013
}



@inproceedings{conf/nips/IyerJB13,
  author = {Iyer, Rishabh K. and Jegelka, Stefanie and Bilmes, Jeff A.},
  booktitle = {NIPS},
  title = {Curvature and Optimal Algorithms for Learning and Minimizing Submodular Functions.},
  year = 2013
}


@article{journals/ftml/Bach13,
  author = {Bach, Francis},
  journal = {Foundations and Trends in Machine Learning},
  title = {Learning with Submodular Functions: A Convex Optimization Perspective.},
  year = 2013
}

@inproceedings{conf/nips/JegelkaBS13,
  author = {Jegelka, Stefanie and Bach, Francis and Sra, Suvrit},
  booktitle = {NIPS},
  title = {Reflection methods for user-friendly submodular optimization.},
  year = 2013
}

@article{Alvarez-Miranda-13,
author = {Alvarez-Miranda, Eduardo and Ljubi�c, Ivana and Mutzel, Petra},
title = {The maximum weight
connected subgraph problem},
journal = {Facets of Combinatorial Optimization},
year = 2013
}

@article{journals/corr/abs-1304-7530,
  author = {Bateni, MohammadHossein and Hajiaghayi, MohammadTaghi and Liaghat, Vahid},
  booktitle = {Automata, Languages, and Programming},
  title = {Improved Approximation Algorithms for (Budgeted) Node-weighted Steiner Problems},
  year = 2013
}


@article{ChimaniKLM09,
  author = {Chimani, Markus and Kandyba, Maria and Ljubic, Ivana and Mutzel, Petra},
  journal = {ACM Journal of Experimental Algorithmics},
  title = {Obtaining optimal k-cardinality trees fast.},
  year = 2009
}


@inproceedings{conf/icdm/SeufertBMW10,
  author = {Seufert, Stephan and Bedathur, Srikanta J. and Mestre, Juli�n and Weikum, Gerhard},
  booktitle = {ICDM},
  title = {Bonsai: Growing Interesting Small Trees.},
  year = 2010
}


@inproceedings{conf/stoc/MossR01,
  author = {Moss, Anna and Rabani, Yuval},
  booktitle = {STOC},
  title = {Approximation algorithms for constrained for constrained node weighted steiner tree problems.},
  year = 2001
}

@inproceedings{conf/focs/KonemannSS13,
  author = {K�nemann, Jochen and Sadeghabad, Sina Sadeghian and Sanit�, Laura},
  booktitle = {FOCS},
  title = {An LMP O(log n)-Approximation Algorithm for Node Weighted Prize Collecting Steiner Tree.},
  year = 2013
}


@article{journals/cor/HaouariS06,
  author = {Haouari, Mohamed and Siala, Jouhaina Chaouachi},
  journal = {Computers and OR},
  title = {A hybrid Lagrangian genetic algorithm for the prize collecting Steiner tree problem.},
  year = 2006
}


@article{journals/orl/Levin04,
  author = {Levin, Asaf},
  journal = {Oper. Res. Lett.},
  title = {A better approximation algorithm for the budget prize collecting tree problem.},
  year = 2004
}


@inproceedings{Devanshu13,
author = {Devanshu Pandey},
title = {Vehicle Routing: A Survey of Approximation Algorithm Techniques},
booktitle = {Thesis at University of Waterloo},
year= {2013}
}


@inproceedings{Agarwal:2006:HBM:1109557.1109683,
 author = {Agarwal, Deepak and Phillips, Jeff M. and Venkatasubramanian, Suresh},
 title = {The Hunting of the Bump: On Maximizing Statistical Discrepancy},
 booktitle = {SODA},
 year = {2006},
} 


@inproceedings{conf/icdm/HeS07,
  author = {He, Huahai and Singh, Ambuj K.},
  booktitle = {ICDM},
  title = {Efficient Algorithms for Mining Significant Substructures in Graphs with Quality Guarantees.},
  year = 2007
}


@article{journals/mp/AroraK06,
  author = {Arora, Sanjeev and Karakostas, George},
  journal = {Math. Program.},
  title = {A 2 + epsilon approximation algorithm for the k-MST problem.},
  year = 2006
}

@inproceedings{conf/stoc/Garg05,
  author = {Garg, Naveen},
  booktitle = {STOC},
  title = {Saving an epsilon: a 2-approximation for the k-MST problem in graphs.},
  year = 2005
}



%author = {Takahashi, Kunihiko and Kulldorff, Martin and Tango, Toshiro and Yih, Katherine},
@article{Takahashi2008,
  author = {K. Takahashi and others},
  journal = {Int. Jl. of Health Geographics},
  title = {A flexibly shaped space-time scan statistic for disease outbreak detection and monitoring.},
  year = 2008
}

@inproceedings{journals/jmlr/SharpnackSR12,
  author = {Sharpnack, James and Singh, Aarti and Rinaldo, Alessandro},
  booktitle = {AISTATS},
  title = {Sparsistency of the Edge Lasso over Graphs.},
  year = 2012
}

@inproceedings{agarwal2006spatial,
  title={Spatial scan statistics: approximations and performance study},
  author={Agarwal, Deepak and McGregor, Andrew and Phillips, Jeff M and Venkatasubramanian, Suresh and Zhu, Zhengyuan},
  booktitle={KDD},
  year={2006},
}


@misc{fullversion,
  title        = {Improved Sequential and Parallel Algorithms for Graph Scan Statistics},
  author={Cadena, Jose and Ekanayake, Saliya and Vullikanti, Anil},
  howpublished = {\url{http://people.cs.vt.edu/~jcadena/kdd17-multilinear-scan/kdd17-multilinear-scan.pdf}},
  year         = 2017
}

@InProceedings{koutis:icalp08,
  Title                    = {Faster algebraic algorithms for path and packing
 problems},
  Author                   = {I. Koutis},
  Booktitle                = {Proc. ICALP},
  Year                     = {2008}
}

@article{williams2009finding,
  title={Finding paths of length k in O∗(k2) time},
  author={Williams, Ryan},
  journal={Information Processing Letters},
  volume={109},
  number={6},
  pages={315--318},
  year={2009},
  publisher={Elsevier}
}

@article{guillemot2013finding,
  title={Finding and counting vertex-colored subtrees},
  author={Guillemot, Sylvain and Sikora, Florian},
  journal={Algorithmica},
  volume={65},
  number={4},
  pages={828--844},
  year={2013},
  publisher={Springer}
}

@inproceedings{koutis2009limits,
  title={Limits and applications of group algebras for parameterized problems},
  author={Koutis, I. and Williams, R.},
  booktitle={Proc. ICALP},
  pages={653--664},
  year={2009},
}

@article{mullen2007finite,
  title={Finite fields and applications, volume 41 of Student Mathematical Library},
  author={G. Mullen and C. Mummert},
  journal={American Mathematical Society},
  volume={3},
  pages={19--20},
  year={2007}
}

@inproceedings{zhao2012sahad,
  title={SAHAD: Subgraph analysis in massive networks using Hadoop},
  author={Zhao, Zhao and Wang, Guanying and Butt, Ali R and Khan, Maleq and Kumar, VS Anil and Marathe, Madhav V},
  booktitle={Parallel \& Distributed Processing Symposium (IPDPS), 2012 IEEE 26th International},
  pages={390--401},
  year={2012},
  organization={IEEE}
}

@article{koutis2012constrained,
  title={Constrained multilinear detection for faster functional motif discovery},
  author={Koutis, Ioannis},
  journal={Information Processing Letters},
  volume={112},
  number={22},
  pages={889--892},
  year={2012},
  publisher={Elsevier}
}

@article{koutis2015algebraic,
  title={Algebraic fingerprints for faster algorithms},
  author={Koutis, Ioannis and Williams, Ryan},
  journal={Communications of the ACM},
  volume={59},
  number={1},
  pages={98--105},
  year={2015},
  publisher={ACM}
}

@book{shmoys11,
author = {D. Williamson and D. Shmoys},
title = {The Design of Approximation Algorithms},
publisher = {Cambridge University Press},
year = {2011}
}

@inproceedings{cadena:sdm17,
title = {Near-Optimal and Practical Algorithms for Graph Scan Statistics},
author = {Jose Cadena and Feng Chen and Anil Vullikanti},
booktitle = {SIAM Data Mining (SDM)},
year = {2017}
}

@inproceedings{liu2010scan,
  title={A scan statistics based Suspicious transactions detection model for Anti-Money Laundering (AML) in financial institutions},
  author={Liu, Xuan and Zhang, Pengzhu},
  booktitle={Multimedia Communications (Mediacom), 2010 International Conference on},
  pages={210--213},
  year={2010},
  organization={IEEE}
}


@inproceedings{matheny2016scalable,
  title={Scalable spatial scan statistics through sampling},
  author={Matheny, Michael and Singh, Raghvendra and Zhang, Liang and Wang, Kaiqiang and Phillips, Jeff M},
  booktitle={Proceedings of the 24th ACM SIGSPATIAL International Conference on Advances in Geographic Information Systems},
  pages={20},
  year={2016},
  organization={ACM}
}

@article{zhao2016parallel,
  title={Parallel algorithms for anomalous subgraph detection},
  author={Zhao, Jieyu and Li, Jianxin and Zhou, Baojian and Chen, Feng and Tomchik, Paul and Ju, Wuyang},
  journal={Concurrency and Computation: Practice and Experience},
  year={2016},
  publisher={Wiley Online Library}
}

@article{priebe2005scan,
  title={Scan statistics on enron graphs},
  author={Priebe, Carey E and Conroy, John M and Marchette, David J and Park, Youngser},
  journal={Computational \& Mathematical Organization Theory},
  volume={11},
  number={3},
  pages={229--247},
  year={2005},
  publisher={Springer}
}

@inproceedings{wang2008spatial,
  title={Spatial Scan Statistics for Graph Clustering.},
  author={Wang, Bei and Phillips, Jeff M and Schreiber, Robert and Wilkinson, Dennis M and Mishra, Nina and Tarjan, Robert},
  booktitle={SDM},
  pages={727--738},
  year={2008},
  organization={SIAM}
}

%author = {Malewicz, Grzegorz and Austern, Matthew H. and Bik, Aart J.C and Dehnert, James C. and Horn, Ilan and Leiser, Naty and Czajkowski, Grzegorz},
@inproceedings{Malewicz:2010:PSL:1807167.1807184,
 author = {G. Malewicz and M. Austern and others},
 title = {Pregel: A System for Large-scale Graph Processing},
 booktitle = {Proc SIGMOD},
 year = {2010},
 pages = {135--146},
} 

%author = {Gonzalez, Joseph E. and Xin, Reynold S. and Dave, Ankur and Crankshaw, Daniel and Franklin, Michael J. and Stoica, Ion},
@inproceedings{Gonzalez:2014:GGP:2685048.2685096,
 author = {J. Gonzalez and others},
 title = {GraphX: Graph Processing in a Distributed Dataflow Framework},
 booktitle = {Proc OSDI},
 year = {2014},
} 

@article{McCune:2015:TLV:2830539.2818185,
 author = {McCune, Robert Ryan and Weninger, Tim and Madey, Greg},
 title = {Thinking Like a Vertex: A Survey of Vertex-Centric Frameworks for Large-Scale Distributed Graph Processing},
 journal = {ACM Comput. Surv.},
 issue_date = {November 2015},
 volume = {48},
 number = {2},
 month = oct,
 year = {2015},
 issn = {0360-0300},
 pages = {25:1--25:39},
 articleno = {25},
 numpages = {39},
 url = {http://doi.acm.org/10.1145/2818185},
 doi = {10.1145/2818185},
 acmid = {2818185},
 publisher = {ACM},
 address = {New York, NY, USA},
 keywords = {Big Data, Graph processing, distributed algorithms, distributed systems, pregel},
} 

@book{downey,
author = {R. G. Downey and M. R. Fellows},
title = {Parameterized Complexity},
publisher = {Springer},
year = {2012}
}

%author = {Joseph E. Gonzalez and Yucheng Low and Haijie Gu and Danny Bickson and Carlos Guestrin},
@inproceedings{gonzalez:osdi12,
title = {PowerGraph: Distributed Graph-Parallel Computation on Natural Graphs},
author = {J. Gonzalez and others},
booktitle = {Proc. OSDI},
year = {2012}
}

@inproceedings{wei:bigdara16,
author = {Jian Wei and  Kai Chen and  Yi Zhou and  Qu Zhou and  Jianhua He},
title = {Benchmarking of Distributed Computing Engines: Spark and GraphLab for Big Data Analytics}, 
booktitle = {Proc. IEEE BigData},
year = {2016}
}

@article{lieu2015geographic,
  title={Geographic clusters in underimmunization and vaccine refusal},
  author={Lieu, Tracy A and Ray, G Thomas and Klein, Nicola P and Chung, Cindy and Kulldorff, Martin},
  journal={Pediatrics},
  volume={135},
  number={2},
  pages={280--289},
  year={2015},
  publisher={Am Acad Pediatrics}
}

@InProceedings{arif:cikm13,
  author =    {S. Arifuzzaman and M. Khan and M. Marathe },
  title =     {PATRIC: A Parallel Algorithm for Counting Triangles in Massive Networks},
  booktitle = {Proc. CIKM},
  year =      {2013},
}

@inproceedings{slota:icpp13,
title = {Fast Approximate Subgraph Counting and Enumeration},
author = {George M. Slota and Kamesh Madduri},
booktitle = {Proc. ICPP},
year = {2013}
}

@inproceedings{slota:ipdps14,
title = {Complex Network Analysis using Parallel Approximate Motif Counting},
author = {George M. Slota and Kamesh Madduri},
booktitle = {Proc. IPDPS},
year = {2014}
}

@inproceedings{inokuchi:pkdd00,
author = {A. Inokuchi and T. Washio and H. Motoda},
title = {An apriori-based algorithm for mining frequent substructures from
graph data},
booktitle = {ECML-PKDD},
year = {2000}
}

@ARTICLE{kuramochi2005finding,
  author = {Kuramochi, M. and Karypis, G.},
  title = {Finding frequent patterns in a large sparse graph},
  journal = {Data mining and knowledge discovery},
  year = {2005},
  volume = {11},
  pages = {243--271},
  number = {3},
  file = {:10.1.1.97.6669.pdf:PDF},
  publisher = {Springer}
}

@inproceedings{chu11triangle,
        author = {Chu, S. and Cheng, J.},
        title = {Triangle Listing in Massive Networks and Its Applications},
        booktitle = {KDD},
        year = {2011}
 }


@inproceedings{bjorklund:esa14,
title = {Fast Witness Extraction Using a Decision Oracle},
author = {A. Bjorklund and P. Kaski and L. Kowalik},
booktitle = {Proc. ESA},
year = {2014}
}

@ARTICLE{schmidt2009scalable,
  author = {Schmidt, M.C. and Samatova, N.F. and Thomas, K. and Park, B.H.},
  title = {A scalable, parallel algorithm for maximal clique enumeration},
  journal = {Journal of Parallel and Distributed Computing},
  year = {2009},
  volume = {69},
  pages = {417--428},
  number = {4},
  file = {:sdarticle.pdf:PDF},
  publisher = {Elsevier}
}

@inproceedings{aparicio:ispa14,
title = {Parallel Subgraph Counting for Multicore Architectures},
author = {D. Aparicio and P. Ribeiro and F. Augusto da Silva},
booktitle = {IEEE International Symposium on Parallel and Distributed Processing with Applications (ISPA)}, 
year = {2014}
}

@inproceedings{cheng:kdd12,
author = {J. Cheng and L. Zhu and Y. Ke and S. Chu},
title = {Fast Algorithms for Maximal Clique Enumeration with Limited Memory},
booktitle = {Proc. SIGKDD},
year = {2012}
}

@article{du:mcd09,
author = {N. Du and  B. Wu and  L. Xu and  B. Wang and  P. Xin},
title = {Parallel algorithm for enumerating maximal cliques in complex network},
journal = {Mining Complex Data},
pages={207-221}, 
year = {2009}
}

@inproceedings{hamid2016scalemine,
 title={ScaleMine: Scalable Parallel Frequent Subgraph Mining in a Single Large Graph},
 author={Ehab Abdelhamid and  Ibrahim Abdelaziz and  Panos Kalnis and  Zuhair Khayyat and Fuad Jamour},
 booktitle={Proceedings of the International Conference for High Performance Computing, Networking, Storage and Analysis},
 pages={11},
 year={2016},
 organization={ACM}
}

@inproceedings{elsidy:vldb14,
title = {GRAMI: Frequent Subgraph and Pattern Mining in a Single Large Graph},
author = {Mohammed Elseidy and  Ehab Abdelhamid and  Spiros Skiadopoulos and  Panos Kalnis},
booktitle = {Proc. International Conference on Very Large Data Bases},
year = {2014}
}

@ARTICLE{huffner2008algorithm,
  author = {H{\"u}ffner, F. and Wernicke, S. and Zichner, T.},
  title = {Algorithm engineering for color-coding with applications to signaling
        pathway detection},
  journal = {Algorithmica},
  year = {2008},
  volume = {52},
  pages = {114--132},
  number = {2},
  file = {:10.1.1.68.9469.pdf:PDF},
  publisher = {Springer}
}

@inproceedings{shanbhag:icccn08,
title = {Massively Parallel Anomaly Detection in Online Network Measurement},
author = {Shashank Shanbhag and Tilman Wolf},
booktitle = {Proc. of 17th International Conference on Computer Communications and Networks (ICCCN)}, 
year = {2008}
}

@article{karypis:sijsc99,
title = {A Fast and Highly Quality Multilevel Scheme for Partitioning Irregular Graphs}, 
author = {George Karypis and Vipin Kumar}, 
journal = {SIAM Journal on Scientific Computing}, 
Vol = {20(1)}, 
pages = {359--392}, 
year = 1999
}

@article{DBLP:journals/talg/KoutisW16,
  author    = {Ioannis Koutis and
               Ryan Williams},
  title     = {{LIMITS} and Applications of Group Algebras for Parameterized Problems},
  journal   = {{ACM} Trans. Algorithms},
  volume    = {12},
  number    = {3},
  pages     = {31:1--31:18},
  year      = {2016},
  url       = {http://doi.acm.org/10.1145/2885499},
  doi       = {10.1145/2885499},
  timestamp = {Tue, 03 Jan 2017 10:21:50 +0100},
  biburl    = {http://dblp.uni-trier.de/rec/bib/journals/talg/KoutisW16},
  bibsource = {dblp computer science bibliography, http://dblp.org}
}

@inproceedings{cadena:bigdata17,
title = {Fast Graph Scan Statistics Optimization Using Algebraic Fingerprints},
author = {S. Ekanayake and J. Cadena and A. Vullikanti},
booktitle = {Proc. IEEE BigData},
year = {2017}
}
